
@article{cardoso_avalicao_2023,
	title = {Avalição de {Segurança} de {Pessoas} em {Redes} {Rurais} que {Utilizam} o {Solo} como {Meio} {Condutor}},
	abstract = {Electrical grounding is essential for an electric power distribution system, even more so in networks with the ground return. Amid the expansion of rural power systems, the cost of a three-phase network can make the project impossible, restricting the consumer to a SWER system. Recent studies have proposed the construction of a three-phase network from a SWER system. In this case, the earth is used with a phase conductor. This would make the installation of three-phase networks in rural areas financially viable. However, security issues still need to be evaluated for this type of structure. This work aims to study the security characteristics to implement such a network. The equations and safety assessments were performed in a virtual environment, but the soil stratification was based on results measured in a test terrain that proved to be safe in its operation even with several rods.},
	language = {pt},
	author = {Cardoso, G and Ramos, D B and Martins, M S and Sebastiany, P H B and Stefanello, R},
	year = {2023},
	file = {Cardoso et al. - Avalição de Segurança de Pessoas em Redes Rurais q.pdf:/home/leonardofdsantos/Zotero/storage/NCS7XGBN/Cardoso et al. - Avalição de Segurança de Pessoas em Redes Rurais q.pdf:application/pdf},
}

@phdthesis{ramos_universalizacao_2010,
	address = {São Paulo},
	type = {Doutorado em {Energia}},
	title = {Universalização da energia elétrica através da tecnologia cabos pára-raios energizados ({PRE})},
	url = {http://www.teses.usp.br/teses/disponiveis/86/86131/tde-22082010-114031/},
	language = {pt},
	urldate = {2023-04-20},
	school = {Universidade de São Paulo},
	author = {Ramos, José Ezequiel},
	month = apr,
	year = {2010},
	doi = {10.11606/T.86.2010.tde-22082010-114031},
	file = {Ramos - 2010 - Universalização da energia elétrica através da tec.pdf:/home/leonardofdsantos/Zotero/storage/QA9MY2ZA/Ramos - 2010 - Universalização da energia elétrica através da tec.pdf:application/pdf},
}

@inproceedings{giuliani_alise_2021,
	title = {Análise de {Desequilíbrio} de {Tensão} para {Sistema} de {Distribuição} de {Energia} {Elétrica} não {Convencional}},
	url = {https://repositorio.ufsm.br/handle/1/21792},
	doi = {10.53316/sepoc2021.040},
	abstract = {This work presents an accurate method for the calculation of the compensating impedances for an uncoventional three-phase rural distribution network using two overhead wires and the ground for energy transmission. This system is referred as T2F scheme, which is an inherently unsymmetrical 3-phase system. The paper deals with the compensating method using a series impedance in the earth return path and a shunt capacitance connected between the two wires. A simulation study in MATLAB/Simulink was conducted in a medium voltage radial distribution system to verify a need of compesating impedances by analysing of unbalaced voltages and voltage drop. This study shows that the system is capable of operating within the unbalancing factor standards and voltage drops limits, as seen in the simulations results.},
	language = {pt},
	urldate = {2023-04-20},
	booktitle = {Proceedings of the 13th {Seminar} on {Power} {Electronics} and {Control} ({SEPOC} 2021)},
	publisher = {sepoc},
	author = {Giuliani, Eduardo and Oliveira, AéCIO DE LIMA and Junior, Ghendy Cardoso and Marchesan, Gustavo and Silveira, Leonardo De Freitas and Filho, Gilberto Davi Nunes},
	month = may,
	year = {2021},
	pages = {--},
	file = {Giuliani et al. - 2021 - Análise de Desequilíbrio de Tensão para Sistema de.pdf:/home/leonardofdsantos/Zotero/storage/BNXEDWHS/Giuliani et al. - 2021 - Análise de Desequilíbrio de Tensão para Sistema de.pdf:application/pdf},
}

@article{borges_repowering_2017,
	title = {Repowering rural single-phase distribution network: {A} non-conventional proposal using two overhead wires and the ground as the third phase},
	volume = {150},
	issn = {03787796},
	shorttitle = {Repowering rural single-phase distribution network},
	url = {https://linkinghub.elsevier.com/retrieve/pii/S0378779617301876},
	doi = {10.1016/j.epsr.2017.05.001},
	language = {en},
	urldate = {2023-04-20},
	journal = {Electric Power Systems Research},
	author = {Borges, P.R.O. and Ramos, J.E. and Carvalho, C.A.T. and Pires, V.A. and Cardoso, G. and Ramos, D.B. and de Morais, A.P.},
	month = sep,
	year = {2017},
	pages = {105--117},
	file = {Borges et al. - 2017 - Repowering rural single-phase distribution network.pdf:/home/leonardofdsantos/Zotero/storage/6SJLUYQ5/Borges et al. - 2017 - Repowering rural single-phase distribution network.pdf:application/pdf},
}

@article{iliceto_rural_2004,
	title = {Rural electrification in developing countries with the shield wire scheme. {Applications} in {Laos}},
	abstract = {Firstly, the paper briefly describes the technique for 3-phase and single-phase power distribution along HV (115-330kV) transmission lines via the insulated shield wires, energized at MV (20-34.5kV) from the main HV/MV transformer stations, using the ground as a MV phase conductor.},
	language = {en},
	author = {Iliceto, F and Gatta, J M and Masato, P},
	year = {2004},
	file = {Iliceto et al. - Rural electrification in developing countries with.pdf:/home/leonardofdsantos/Zotero/storage/HV4EWWSC/Iliceto et al. - Rural electrification in developing countries with.pdf:application/pdf},
}

@inproceedings{iliceto_rural_2005,
	address = {Turin, Italy},
	title = {Rural electrification in {Ethiopia} with the shield wire scheme},
	volume = {2005},
	isbn = {978-0-86341-529-6},
	url = {https://digital-library.theiet.org/content/conferences/10.1049/cp_20051327},
	doi = {10.1049/cp:20051327},
	abstract = {Firstly, the paper briefly describes the technique for 3-phase and single-phase power distribution along HV (115-330kV) transmission lines via the insulated shield wires, energized at MV (20-34.5kV) from the main HV/MV transformer stations, using the ground as a MV phase conductor.},
	language = {en},
	urldate = {2023-04-20},
	booktitle = {18th {International} {Conference} and {Exhibition} on {Electricity} {Distribution} ({CIRED} 2005)},
	publisher = {IEE},
	author = {Iliceto, F. and Gatta, F.M. and Lauria, S. and Debebe, M. and Hussen, M.},
	year = {2005},
	pages = {v5--45--v5--45},
	file = {Iliceto et al. - 2005 - Rural electrification in Ethiopia with the shield .pdf:/home/leonardofdsantos/Zotero/storage/DWJIMYY8/Iliceto et al. - 2005 - Rural electrification in Ethiopia with the shield .pdf:application/pdf},
}

@article{mandeno_rural_1947,
	title = {{RURAL} {POWER} {SUPPLY}, {ESPECIALLY} {IN} {BACK} {COUNTRY} {AREAS}},
	volume = {33},
	journal = {RURAL POWER SUPPLY, ESPECIALLY IN BACK COUNTRY AREAS},
	author = {Mandeno, Lloyd},
	year = {1947},
	file = {Rural_Power_Supplies_Lloyd_Mandeno_1947_Address.pdf:/home/leonardofdsantos/Zotero/storage/6JHCFCBJ/Rural_Power_Supplies_Lloyd_Mandeno_1947_Address.pdf:application/pdf},
}

@article{marchesan_three-phase-two-wire_2023,
	title = {Three-{Phase}-{Two}-{Wire} {Rural} {Distribution} {Network}: {Influence} of {Design} {Characteristics} on {Voltage} {Unbalance}},
	volume = {38},
	copyright = {https://ieeexplore.ieee.org/Xplorehelp/downloads/license-information/IEEE.html},
	issn = {0885-8977, 1937-4208},
	shorttitle = {Three-{Phase}-{Two}-{Wire} {Rural} {Distribution} {Network}},
	url = {https://ieeexplore.ieee.org/document/9851219/},
	doi = {10.1109/TPWRD.2022.3196602},
	abstract = {Power distribution in remote areas with low density load is usually performed with Single Wire Earth Return (SWER) systems. These systems have been shown to be insufﬁcient to meet not only the growing demand but also three-phase loads. The ThreePhase-Two-Wire (TPTW) system is a non-conventional low-cost alternative system for repowering the SWER, as both of them use the ground as conductor. The TPTW system is inherently unbalanced and may have greater voltage drops than a conventional three-phase system. This paper proposes a method to decrease voltage unbalance by choosing the correct spacing between of TPTW System overhead conductors. Additionally, the method eliminates the need for reactive series compensation and reduces working time and installation costs. TPTW System performance was evaluated for different conditions and designs such as cable type, spacing, length and passive compensation. The results show that optimal spacing can be reached among cables, and viable supply can be offered for distant loads with relatively low voltage unbalance.},
	language = {en},
	number = {1},
	urldate = {2024-05-17},
	journal = {IEEE Transactions on Power Delivery},
	author = {Marchesan, Gustavo and Oliveira, Aecio De Lima and Cardoso, Ghendy and Berlezi Ramos, Diego and Kraulich, Leyla and Mazzorani, Larissa and Silveira, Leonardo De Freitas},
	month = feb,
	year = {2023},
	pages = {620--630},
	file = {Marchesan et al. - 2023 - Three-Phase-Two-Wire Rural Distribution Network Influence of Design Characteristics on Voltage Unba.pdf:/home/leonardofdsantos/Zotero/storage/ERRYC4PD/Marchesan et al. - 2023 - Three-Phase-Two-Wire Rural Distribution Network Influence of Design Characteristics on Voltage Unba.pdf:application/pdf},
}

@article{munisi_rural_2021,
	title = {Rural {Electrification} using {Iliceto} {Shield} {Wire} {Scheme} in {Developing} {Countries}: {Tanzania} {Case} {Study}},
	volume = {47},
	issn = {2507-7961, 0856-1761},
	shorttitle = {Rural {Electrification} using {Iliceto} {Shield} {Wire} {Scheme} in {Developing} {Countries}},
	url = {https://www.ajol.info/index.php/tjs/article/view/217552},
	doi = {10.4314/tjs.v47i5.7},
	abstract = {Rural electrification rate in Tanzania is still very low despite the efforts made by the Rural Energy Agency (REA) in Tanzania. Rural electrification using medium voltage (MV) method has two major obstacles. First obstacle is high cost associated with the cost of extending the grid electricity to rural areas. Second obstacle is remoteness of the villages, which leads to high power loss during transmission. In lieu of economic extension of rural electrification areas, this paper proposes a low cost solution of Iliceto Shield Wire Scheme (ISWS). This technique involves insulating shield wires (SW) from high voltage (132-400 kV) transmission line and energizing (11-33 kV) them from nearby substation at one line and use ground as MV phase conductor. The paper undertakes literature review of ISWS technology as installed in other developing countries. After that, a case study is selected in Mpaji village in Tanga region Tanzania. Analysis was made on voltage drop, power flow and cost for rural electrification using ISWS technology. Using ISWS for Mpaji village resulted in 10.89\% voltage drop with total investment cost of about 49.4\% compared to MV conventional method.},
	language = {en},
	number = {5},
	urldate = {2024-05-17},
	journal = {Tanzania Journal of Science},
	author = {Munisi, Heavenlight M and Kihwele, Santos},
	month = dec,
	year = {2021},
	pages = {1570--1580},
	file = {Munisi e Kihwele - 2021 - Rural Electrification using Iliceto Shield Wire Scheme in Developing Countries Tanzania Case Study.pdf:/home/leonardofdsantos/Zotero/storage/R3CN2YDP/Munisi e Kihwele - 2021 - Rural Electrification using Iliceto Shield Wire Scheme in Developing Countries Tanzania Case Study.pdf:application/pdf},
}

@article{kraulich_cost_2023,
	title = {Cost analysis for transforming rural electrical distribution networks into three-phase: {Three}-phase two-wire versus conventional three-phase},
	volume = {225},
	issn = {03787796},
	shorttitle = {Cost analysis for transforming rural electrical distribution networks into three-phase},
	url = {https://linkinghub.elsevier.com/retrieve/pii/S0378779623007423},
	doi = {10.1016/j.epsr.2023.109854},
	abstract = {This paper presents a methodology to support the hypothesis that the Three-Phase Two-Wire (TPTW) system is an excellent economic alternative for rural properties that do not have their electricity needs met by single-phase systems. It is necessary to convert these networks into three-phase systems so that the rural areas can offer new opportunities for economic development. However, the costs of such investments represent a great challenge to be overcome. In an early assessment, it may seem trivial that the TPTW offers a lower cost because of the reduction in construction elements; however, the choice of a distribution system is a task that involves a complex analysis of factors. To evaluate the costs involved, four main scenarios are examined, which are compared to the conventional three-phase system. This paper is unprecedented because there are no works in the technical literature that compare the choice of these technologies in terms of costs, especially as regards the TPTW system, whose technical issues are not yet fully established. The results of confirm that the TPTW system can overcome the economic challenges when the investments made in previous installations are considered or when the purpose is to take three-phase electricity to places without centralized generation.},
	language = {en},
	urldate = {2024-05-17},
	journal = {Electric Power Systems Research},
	author = {Kräulich, L. and Marchesan, G. and Cardoso, G. and Oliveira, A.L. and Martins, M.S. and Silveira, L.F.},
	month = dec,
	year = {2023},
	pages = {109854},
	file = {Kräulich et al. - 2023 - Cost analysis for transforming rural electrical distribution networks into three-phase Three-phase.pdf:/home/leonardofdsantos/Zotero/storage/W8DNUR66/Kräulich et al. - 2023 - Cost analysis for transforming rural electrical distribution networks into three-phase Three-phase.pdf:application/pdf},
}

@article{iliceto_three-phase_1999,
	title = {{THREE}-{PHASE} {AND} {SINGLE}-{PHASE} {ELECTRIFICATION} {IN} {DEVELOPING} {COUNTRIES} {USING} {THE} {INSULATED} {SHIELD} {WIRES} {OF} {HV} {LINES} {ENERGIZED} {AT} {MV}},
	abstract = {The paper first describes the technique of 3-phase and singlephase power distribution along HV transmission lines via the insulated shield wires energized at MV (20 to 34.5 kV) from the main HV/MV transformer stations, with ground return of current.},
	language = {en},
	author = {Iliceto, F and Gatta, F M and Lauria, S and Dokyi, G O},
	year = {1999},
	file = {Iliceto et al. - THREE-PHASE AND SINGLE-PHASE ELECTRIFICATION IN DE.pdf:/home/leonardofdsantos/Zotero/storage/5G4CTEUZ/Iliceto et al. - THREE-PHASE AND SINGLE-PHASE ELECTRIFICATION IN DE.pdf:application/pdf},
}

@article{iliceto_new_1989,
	title = {New concepts on {MV} distribution from insulated shield wires of {HV} lines: operation results of an experimental system and applications in {Ghana}},
	volume = {4},
	issn = {08858977},
	shorttitle = {New concepts on {MV} distribution from insulated shield wires of {HV} lines},
	url = {http://ieeexplore.ieee.org/document/35640/},
	doi = {10.1109/61.35640},
	language = {en},
	number = {4},
	urldate = {2023-04-20},
	journal = {IEEE Transactions on Power Delivery},
	author = {Iliceto, F. and Cinieri, E. and Casely-Hayford, L. and Dokyi, G.O.},
	month = oct,
	year = {1989},
	pages = {2130--2144},
	file = {Iliceto et al. - 1989 - New concepts on MV distribution from insulated shi.pdf:/home/leonardofdsantos/Zotero/storage/BI25BWTF/Iliceto et al. - 1989 - New concepts on MV distribution from insulated shi.pdf:application/pdf},
}

@inproceedings{guo_new_2023,
	address = {Hangzhou, China},
	title = {A {New} {Planning} {Model} of {Total} {Supply} {Capability} of {Distribution} {Network} {Based} on {Equivalent} {Bus}},
	copyright = {https://doi.org/10.15223/policy-029},
	isbn = {979-8-3503-4509-4},
	url = {https://ieeexplore.ieee.org/document/10512727/},
	doi = {10.1109/EI259745.2023.10512727},
	abstract = {In the existing model of total supply capability, the low-voltage side buses are totally ignored. The connection was described as the feeder link from transformer to transformer. It leads to two incorrect considerations in calculation based on this model，which obviously produce errors. In this paper, a method applying equivalent bus is proposed to reformulate the model of total supply capability. Firstly, the supply transfer process after a transformer failure in actual operation was analyzed to clarify the consideration of this work, and proposed the equivalent bus; Secondly, through examples and inferences, the stable connection between equivalent bus and transformer was revealed. Thirdly, a new model of total supply capability was proposed based on the stable connection of equivalent bus, which considered the constraint of the low-voltage buses. Finally, the new model was tested in a simple distribution system with three substations, and a solution of building up the connection between equivalent bus and transformer was introduced. As the results, the calculation based on this model proposed the supply capabilities of transformers and substations, and the load distributions of buses, equivalent buses and feeders, which conclude a total error of 0.34\% of the total supply capability.},
	language = {en},
	urldate = {2025-04-02},
	booktitle = {2023 {IEEE} 7th {Conference} on {Energy} {Internet} and {Energy} {System} {Integration} ({EI2})},
	publisher = {IEEE},
	author = {Guo, Ting and Xu, Liangde and Qiu, Yong},
	month = dec,
	year = {2023},
	pages = {505--511},
	annote = {No modelo existente de capacidade total de fornecimento, os barramentos do lado de baixa tensão são totalmente ignorados. A conexão foi descrita como o elo alimentador de transformador para transformador. Isso leva a duas considerações incorretas no cálculo baseado neste modelo, que obviamente produzem erros. Neste artigo, um método que aplica o barramento equivalente é proposto para reformular o modelo de capacidade total de fornecimento.
},
	file = {PDF:/home/leonardofdsantos/Zotero/storage/28I57M9U/Guo et al. - 2023 - A New Planning Model of Total Supply Capability of Distribution Network Based on Equivalent Bus.pdf:application/pdf},
}

@inproceedings{miller_distribution_2023,
	address = {Shanghai, China},
	title = {Distribution {Bus} {Voltages} as a {Metric} for {Grid} {Health} {Considering} {Widespread} {Public} {EV} {Charging}},
	copyright = {https://doi.org/10.15223/policy-029},
	isbn = {979-8-3503-2823-3},
	url = {https://ieeexplore.ieee.org/document/10215279/},
	doi = {10.1109/PEDG56097.2023.10215279},
	abstract = {The widespread adoption of electric vehicles (EVs) is raising attention to the impact of EV charging on grid health conditions, as increasing public EV charging loads are being added to the distribution grid. This paper presents a study conducted to evaluate the effectiveness of using distribution bus voltages as a metric for evaluating grid health considering widespread public EV charging. Using the Caldera software and distribution network models created with the OpenDSS modeling software, the effect of EV charging on the grid power distribution network has been studied in this work. The IEEE 34-bus system and a distribution network in downtown Salt Lake City, Utah USA are used as study cases in the work. The results of the study are time-series voltage data at select buses on each network. Analysis of the results and comparison of the studies show voltage violations can occur on the IEEE 34-bus system due to public electric vehicle charging loads, but no violations were observed in the actual grid power distribution network in downtown Salt Lake City. Based on the case study results, analysis, and comments, insights have been provided in this paper to further discuss the effectiveness of using distribution bus voltages alone as the metric for grid health. Through the analysis, case studies, and system simulations, this paper concluded that distribution bus voltages alone may not be a sufficient metric in determining grid health considering widespread public electric vehicle charging.},
	language = {en},
	urldate = {2025-04-02},
	booktitle = {2023 {IEEE} 14th {International} {Symposium} on {Power} {Electronics} for {Distributed} {Generation} {Systems} ({PEDG})},
	publisher = {IEEE},
	author = {Miller, Levi and Morgan, Jackson and Zane, Regan and Wang, Hongjie},
	month = jun,
	year = {2023},
	pages = {671--677},
	annote = {Neste artigo, é proposto um método que aplica o barramento equivalente para reformular o modelo de capacidade total de fornecimento. Em primeiro lugar, o processo de transferência de fornecimento após uma falha do transformador em operação real foi analisado para esclarecer a consideração deste trabalho, e propôs o barramento equivalente; Em segundo lugar, através de exemplos e inferências, a conexão estável entre o barramento equivalente e o transformador foi revelada. Em terceiro lugar, um novo modelo de capacidade total de fornecimento foi proposto com base na conexão estável do barramento equivalente, que considerou a restrição dos barramentos de baixa tensão.
},
	file = {PDF:/home/leonardofdsantos/Zotero/storage/I8RI3NFK/Miller et al. - 2023 - Distribution Bus Voltages as a Metric for Grid Health Considering Widespread Public EV Charging.pdf:application/pdf},
}

@inproceedings{kumar_fault_2024,
	address = {Kamand, India},
	title = {Fault {Classification} \& {Detection} in {IEEE} 34 {Bus} {System} {Using} {Convolutional} {Neural} {Network}},
	copyright = {https://doi.org/10.15223/policy-029},
	isbn = {979-8-3503-7024-9},
	url = {https://ieeexplore.ieee.org/document/10725909/},
	doi = {10.1109/ICCCNT61001.2024.10725909},
	abstract = {This paper presents a novel approach by means of Convolutional Neural Networks (CNNs) for fault classification and detection in the IEEE 34 bus system, which serves as a representative model for distribution networks. The IEEE 34 bus system is known for its complexity, featuring multiple buses, branches, and loads, making it an ideal testbed for evaluating advanced fault management techniques. The proposed CNNbased methodology leverages the ability of CNNs to automatically learn hierarchical features from system data, such as voltage and current measurements, without the need for manual feature extraction. The key contributions of this paper include the development and implementation of a CNN architecture tailored for fault classification and detection tasks in the IEEE 34 bus system. The CNN model is trained using labeled data sets containing information about different fault scenarios, including 1-phase, 2-phase, and 3-phase faults. The training process involves optimizing the network parameters to improve accuracy and robustness in fault identification. Simulation results demonstrate the effectiveness of the CNNbased approach in accurately classifying and detecting faults in the IEEE 34 bus system. The CNN model shows high accuracy rates in distinguishing between different fault types and provides rapid response times for fault detection, thereby enhancing the overall reliability and resilience of the distribution network. The implications of this research extend to the broader context of intelligent fault management systems in power engineering. By harnessing the capabilities of CNNs, power system operators can benefit from more efficient and automated fault management processes, leading to improved system performance, reduced downtime, and enhanced grid reliability.},
	language = {en},
	urldate = {2025-04-02},
	booktitle = {2024 15th {International} {Conference} on {Computing} {Communication} and {Networking} {Technologies} ({ICCCNT})},
	publisher = {IEEE},
	author = {Kumar, V.Rajesh and Jeyanthy, P.Aruna and Mahesh, K and Akila, P and Thrisha, V S and Swetha, B M},
	month = jun,
	year = {2024},
	pages = {1--6},
	annote = {Este artigo apresenta uma nova abordagem por meio de Redes Neurais Convolucionais (CNNs) para classificação e detecção de faltas no sistema de barramento IEEE 34, que serve como um modelo representativo para redes de distribuição. O sistema de barramento IEEE 34 é conhecido por sua complexidade, apresentando múltiplos barramentos, ramais e cargas, tornando-o um banco de testes ideal para avaliar técnicas avançadas de gerenciamento de faltas. A metodologia proposta baseada em CNN aproveita a capacidade das CNNs de aprender automaticamente características hierárquicas dos dados do sistema, como medições de tensão e corrente, sem a necessidade de extração manual de características.
},
	file = {PDF:/home/leonardofdsantos/Zotero/storage/8XYUDV3C/Kumar et al. - 2024 - Fault Classification & Detection in IEEE 34 Bus System Using Convolutional Neural Network.pdf:application/pdf},
}

@inproceedings{kanathipan_five-level_2021,
	address = {Brisbane, Australia},
	title = {Five-{Level} {Inverter} {With} {A} {Combined} {DC} {Voltage} {Balancing} and {Fault}-voltage {Mitigation} {Technique} for {Grid}-{Connected} {PV} {Energy} {Systems}},
	copyright = {https://doi.org/10.15223/policy-029},
	isbn = {978-1-6654-3339-6},
	url = {https://ieeexplore.ieee.org/document/9715629/},
	doi = {10.1109/ISGTAsia49270.2021.9715629},
	abstract = {This paper proposes a combined voltage balancing and fault voltage mitigation technique for a five-level inverterbased grid connected PV energy system. AC grid faults can result in overvoltage conditions on the DC-link capacitors leading to damages and failure of the system. The voltage balancer discussed in this paper is able to both balance the DC-link capacitor voltage and minimize the fault-voltage without the need of additional components. In addition, the controller is able to operate without impacting the maximum power extraction capabilities of the frontend DC/DC converter. Results are provided in PSCAD on a 50MW with a 34.5kV grid voltage PV farm operating under a lineto-ground and line-to-line fault to validate the effectiveness of the proposed system.},
	language = {en},
	urldate = {2025-04-02},
	booktitle = {2021 {IEEE} {PES} {Innovative} {Smart} {Grid} {Technologies} - {Asia} ({ISGT} {Asia})},
	publisher = {IEEE},
	author = {Kanathipan, Kajanan and Cheema, Muhammad Ali Masood and Lam, John},
	month = dec,
	year = {2021},
	pages = {1--5},
	annote = {Este artigo propõe uma técnica combinada de balanceamento de tensão e mitigação de tensão de falta para um sistema de energia fotovoltaica conectado à rede baseado em inversor de cinco níveis. Falhas na rede CA podem resultar em condições de sobretensão nos capacitores do link CC, levando a danos e falhas no sistema. O balanceador de tensão discutido neste artigo é capaz de balancear a tensão do capacitor do link CC e minimizar a tensão de falta sem a necessidade de componentes adicionais. Além disso, o controlador é capaz de operar sem afetar os recursos máximos de extração de energia do conversor CC/CC front-end.
},
	file = {PDF:/home/leonardofdsantos/Zotero/storage/5TP5KVNK/Kanathipan et al. - 2021 - Five-Level Inverter With A Combined DC Voltage Balancing and Fault-voltage Mitigation Technique for.pdf:application/pdf},
}

@inproceedings{momesso_impact_2020,
	address = {Montreal, QC, Canada},
	title = {Impact {Analysis} of a {Transportable} {BESS} on the {Short}-{Circuit} {Behavior} in a {Distribution} {System}},
	copyright = {https://ieeexplore.ieee.org/Xplorehelp/downloads/license-information/IEEE.html},
	isbn = {978-1-7281-5508-1},
	url = {https://ieeexplore.ieee.org/document/9281481/},
	doi = {10.1109/PESGM41954.2020.9281481},
	abstract = {Battery energy storage systems (BESSs) have gained the interest of power utilities due to their attractive characteristics, such as rapid response and decreasing price. The transportable battery energy storage systems (TBESSs) have also gained interest recently due to their mobile nature and the possibility to provide power storage services at different locations. However, some analysis must be provided in order to evaluate the impact on the distribution system depending on the TBESSs allocation. Among the possible outcomes, this paper aims to investigate the inﬂuence of TBESS on shortcircuit characteristics of a typical distribution system. Thus, a TBESS was allocated at all three-phase buses of the IEEE 34-bus system, and the short-circuit results were obtained in all protective devices of the system. Several simulations were performed in PSCAD™/EMTDC™, and the results indicate that TBESS allocation can inﬂuence the short-circuit currents seen by the protective devices, as well as the grid voltage levels.},
	language = {en},
	urldate = {2025-04-02},
	booktitle = {2020 {IEEE} {Power} \& {Energy} {Society} {General} {Meeting} ({PESGM})},
	publisher = {IEEE},
	author = {Momesso, Antonio E. C. and Barra, Pedro H. A. and Barbalho, Pedro I. N. and Asada, Eduardo N. and Coury, Denis V. and Vieira, Jose C. M. and Oleskovicz, Mario and Biczkowski, Mauricio},
	month = aug,
	year = {2020},
	pages = {1--5},
	annote = {Este artigo propõe uma técnica combinada de balanceamento de tensão e mitigação de tensão de falta para um sistema de energia fotovoltaica conectado à rede baseado em inversor de cinco níveis. Os resultados são fornecidos em PSCAD em um sistema fotovoltaico de 50MW com uma tensão de grade de 34,5kV operando sob uma falta linha-terra e linha-linha para validar a eficácia do sistema proposto.
},
	file = {PDF:/home/leonardofdsantos/Zotero/storage/LK89ISI5/Momesso et al. - 2020 - Impact Analysis of a Transportable BESS on the Short-Circuit Behavior in a Distribution System.pdf:application/pdf},
}

@inproceedings{nyonje_impact_2024,
	address = {Johannesburg, South Africa},
	title = {Impact {Analysis} of {Optimum} {Phasor} {Measurement} {Unit} {Placement} on {Western} {Kenya} {Power} {Network}},
	copyright = {https://doi.org/10.15223/policy-029},
	isbn = {979-8-3503-8938-8},
	url = {https://ieeexplore.ieee.org/document/10759347/},
	doi = {10.1109/PowerAfrica61624.2024.10759347},
	language = {en},
	urldate = {2025-04-02},
	booktitle = {2024 {IEEE} {PES}/{IAS} {PowerAfrica}},
	publisher = {IEEE},
	author = {Nyonje, Edward and Saulo, Michael and Ataro, Edwin and Okendo, Edwin},
	month = oct,
	year = {2024},
	pages = {1--5},
	annote = {Este artigo tem como objetivo investigar as formas de obter o posicionamento ideal da PMU considerando o sistema de rede de transmissão de energia do Quênia, concentrando-se na região ocidental contendo o sistema de 39 barramentos, por meio de um método de algoritmo híbrido da Otimização de Enxame de Partículas e da Colônia de Abelhas Artificial. O sistema de 39 barramentos da região ocidental da Kenya Power utiliza um método autenticado baseado no sistema de barramento padrão IEEE-39. Este algoritmo híbrido é testado em um bancada de teste IEEE 39-bus antes de ser implantado no sistema de rede de transmissão de energia do Quênia, região ocidental. O sistema é modelado usando o Power System Analysis Toolbox (PSAT), com simulação realizada em MATLAB. Os resultados da simulação fornecem a melhor solução de 18 PMUs localizadas nos barramentos 3, 6, 7, 10, 11, 13, 16, 18, 20, 23, 26, 28, 30, 31, 32, 33, 34 e 36 para máxima observabilidade
},
	file = {PDF:/home/leonardofdsantos/Zotero/storage/ZK4GNDQX/Nyonje et al. - 2024 - Impact Analysis of Optimum Phasor Measurement Unit Placement on Western Kenya Power Network.pdf:application/pdf},
}

@inproceedings{jeevas_integration_2024,
	address = {Chennai, India},
	title = {Integration of {Biomass}-{Based} {RDGs} for {Power} {Loss} {Reduction} in {Radial} {Distribution} {Systems} {Using} the {Harris} {Hawk}'s {Optimizer} {Algorithm}},
	copyright = {https://doi.org/10.15223/policy-029},
	isbn = {979-8-3503-5377-8},
	url = {https://ieeexplore.ieee.org/document/10776882/},
	doi = {10.1109/ICEES61253.2024.10776882},
	abstract = {Improving the electric distribution network's performance is vital for ensuring customer satisfaction and uninterrupted service. Integrating biomass-powered distributed generators (BDGs) can enhance network performance by reducing losses and improving voltage profiles. However, improper placement of these BDGs can lead to significant issues. In order to reduce active power loss in the network, this study uses the new Harris Hawk's Optimizer Algorithm (HHOA) to calculate the ideal placements and sizes of single and multiple BDGs. The analysis takes into account a number of scenarios, such as voltage variation mitigation, active power loss minimization, and multi-objective problem-solving, and it is centered on the IEEE 34-bus radial distribution system (RDS). Additionally, the impact of different power factors on biomassbased DGs is investigated. A comprehensive comparison with existing optimization techniques is conducted, and statistical assessments validate the effectiveness of the proposed methodology for integrating BDGs into RDS.},
	language = {en},
	urldate = {2025-04-02},
	booktitle = {2024 10th {International} {Conference} on {Electrical} {Energy} {Systems} ({ICEES})},
	publisher = {IEEE},
	author = {{Jeeva.S} and {Yuvaraj.T} and Soban.M, Ajoy},
	month = aug,
	year = {2024},
	pages = {1--4},
	annote = {A incorporação de geradores distribuídos movidos a biomassa (BDGs) pode melhorar o desempenho da rede elétrica, reduzindo as perdas e melhorando os perfis de tensão. No entanto, o posicionamento inadequado desses BDGs pode causar problemas significativos. Para reduzir a perda de potência ativa na rede, este estudo usa o novo Harris Hawk's Optimizer Algorithm (HHOA) para calcular os posicionamentos e tamanhos ideais de BDGs únicos e múltiplos. A análise leva em consideração vários cenários, como mitigação de variação de tensão, minimização de perda de potência ativa e resolução de problemas multi-objetivo, e é centrada no sistema de distribuição radial (SDR) de barramento IEEE 34.
},
	file = {PDF:/home/leonardofdsantos/Zotero/storage/3IDGWLJ7/Jeeva.S et al. - 2024 - Integration of Biomass-Based RDGs for Power Loss Reduction in Radial Distribution Systems Using the.pdf:application/pdf},
}

@inproceedings{leal_rodrigues_junior_localization_2020,
	address = {Toronto, ON, Canada},
	title = {Localization of {Voltage} {Sag} {Sources} {Using} {Convolutional} {Neural} {Network} in {IEEE} 34-bus {System}},
	copyright = {https://ieeexplore.ieee.org/Xplorehelp/downloads/license-information/IEEE.html},
	isbn = {978-1-7281-8526-2},
	url = {https://ieeexplore.ieee.org/document/9283083/},
	doi = {10.1109/SMC42975.2020.9283083},
	abstract = {The increased demand for electricity has caused several problems for traditional electrical power systems, such as voltage ﬂuctuations and interruptions in supply. These events, power quality disturbances, cause several losses for both the concessionaire and its consumers, either by damaging appliances or interrupting their operation. Among these power quality disturbances, the voltage sag stands out for being the most frequent event, causing several losses. Therefore, it is extremely important to locate the source of these disturbances in the electrical distribution system, in order to mitigate the problem. In general, methods for locating disturbances use few electrical meters and an analysis of the characteristics of voltage and current signals, which results in the estimation of a large region as a result. This paper proposes a approach to ﬁnd not a region, but the bus in the power distribution system in which the voltage sag disorder originated by using a model of deep learning.},
	language = {en},
	urldate = {2025-04-02},
	booktitle = {2020 {IEEE} {International} {Conference} on {Systems}, {Man}, and {Cybernetics} ({SMC})},
	publisher = {IEEE},
	author = {Leal Rodrigues Junior, Wilson and Medeiros Reis, Dyogo and Anderson Silva Borges, Fabbio and Henrique Duarte Araujo, Flavio and Oseas De Carvalho Filho, Antonio and De Andrade Lira Rabelo, Ricardo},
	month = oct,
	year = {2020},
	pages = {2836--2841},
	annote = {Este artigo apresenta uma nova abordagem por meio de Redes Neurais Convolucionais (CNNs) para classificação e detecção de faltas no sistema de barramento IEEE 34, que serve como um modelo representativo para redes de distribuição. O modelo CNN é treinado usando conjuntos de dados rotulados contendo informações sobre diferentes cenários de falta, incluindo faltas de 1 fase, 2 fases e 3 fases. Os resultados da simulação demonstram a eficácia da abordagem baseada em CNN na classificação e detecção precisa de faltas no sistema de barramento IEEE 34.
},
	file = {PDF:/home/leonardofdsantos/Zotero/storage/5X9EVQ7U/Leal Rodrigues Junior et al. - 2020 - Localization of Voltage Sag Sources Using Convolutional Neural Network in IEEE 34-bus System.pdf:application/pdf},
}

@article{lu_state_2022,
	title = {State {Estimation} for {Medium}- and {Low}-{Voltage} {Distribution} {Systems} {Considering} {Measurement} {Characteristics} and {Grounded} {Slack} {Bus}},
	volume = {71},
	copyright = {https://ieeexplore.ieee.org/Xplorehelp/downloads/license-information/IEEE.html},
	issn = {0018-9456, 1557-9662},
	url = {https://ieeexplore.ieee.org/document/9918075/},
	doi = {10.1109/TIM.2022.3214285},
	abstract = {The medium-voltage (MV) and low-voltage (LV) distribution systems are usually built in a mixed three-phase threewire and three-phase four-wire pattern, in which the conventional measurements are obtained through the two-wattmeter method (TWM) and three-wattmeter method (HWM). The existing threephase state estimation (SE) models only involve the measurement characteristics of the HWM. Instead, a set of new and improved measurement equations are formulated in this article for such buses measured by TWM, and the measurements include line-toline complex power and virtual zero-sequence current. Along with the increasing underground cable, the neutral point of MV feeder head is normally grounded through a small resistance, and its voltage magnitude is not equal to zero. Accordingly, an accurate model for the slack bus together with its measurement equations is proposed herein, based on the conventional measurements and neutral point virtual measurement. Moreover, this work presents a three-phase SE model for MV and LV distribution systems that incorporates the constraints of zero-sequence current and zero injection, in combination with the exponentially weighted least squares (EWLS) method. The test results of the IEEE 34 bus system and IEEE 123 bus system verify that the proposed formulation takes full advantage of the measurements and structural characteristics of practical distribution networks and simultaneously boosts the estimation accuracy.},
	language = {en},
	urldate = {2025-04-02},
	journal = {IEEE Transactions on Instrumentation and Measurement},
	author = {Lu, Zhengmei and Yan, Wei and Huang, Dezhi and Tang, Junjie and Ponci, Ferdinanda and Monti, Antonello},
	year = {2022},
	pages = {1--12},
	annote = {Neste artigo, um conjunto de equações de medição novas e aprimoradas são formuladas para barramentos medidos pelo método de dois wattímetros (TWM) e as medições incluem potência complexa linha a linha e corrente virtual de sequência zero. Juntamente com o aumento do cabo subterrâneo, o ponto neutro do alimentador MV é normalmente aterrado através de uma pequena resistência, e sua magnitude de tensão não é igual a zero. Consequentemente, um modelo preciso para o barramento slack, juntamente com suas equações de medição, é proposto aqui, com base nas medições convencionais e na medição virtual do ponto neutro. Além disso, este trabalho apresenta um modelo de SE trifásico para sistemas de distribuição MV e LV que incorpora as restrições de corrente de sequência zero e injeção zero, em combinação com o método de mínimos quadrados exponencialmente ponderados (EWLS).
},
	file = {PDF:/home/leonardofdsantos/Zotero/storage/53I4DJ5X/Lu et al. - 2022 - State Estimation for Medium- and Low-Voltage Distribution Systems Considering Measurement Characteri.pdf:application/pdf},
}

@inproceedings{mia_system_2023,
	address = {Cox's Bazar, Bangladesh},
	title = {System {Strength} {Impact} {Assessment} of {Power} {Systems}},
	copyright = {https://doi.org/10.15223/policy-029},
	isbn = {979-8-3503-1873-9},
	url = {https://ieeexplore.ieee.org/document/10428724/},
	doi = {10.1109/ICPS60393.2023.10428724},
	abstract = {This paper presents an assessment of system strength by analyzing the available fault level (AFL) and the variations in AFL with increasing penetration factors for three different generations: asynchronous generation (AG) e.g., induction generator, inverter-based generation (IBG) e.g., photovoltaic, and battery storage system (BSS). System strength in the power system is analyzed considering faults at a particular location. The effects of system strength are evaluated considering Tasmanian power system and IEEE 14 BUS system. The integration of AG reduces system strength, while the other two generations have a negligible impact on system strength. Hence, it is crucial to address the AG integration issues for ensuring system stability. This research also aims to conduct dynamic simulations of these systems to analyze stability and mitigate risks. Incorporating the static condenser (STATCON) improves the strength and stability of the system and mitigates the risks. PSS®E Xplore 34.0 software platform is used for all the simulation purposes.},
	language = {en},
	urldate = {2025-04-02},
	booktitle = {2023 10th {IEEE} {International} {Conference} on {Power} {Systems} ({ICPS})},
	publisher = {IEEE},
	author = {Mia, Md. Tanzid and Islam, Sayemul and Roy, Naruttam Kumar},
	month = dec,
	year = {2023},
	pages = {1--6},
	annote = {Este artigo apresenta uma avaliação da força do sistema, analisando o nível de falta disponível (AFL) e as variações no AFL com o aumento dos fatores de penetração para três gerações diferentes: geração assíncrona (AG), por exemplo, gerador de indução, geração baseada em inversor (IBG), por exemplo, fotovoltaica e sistema de armazenamento de bateria (BSS). A força do sistema no sistema de energia é analisada considerando faltas em um local específico. Os efeitos da força do sistema são avaliados considerando o sistema de energia da Tasmânia e o sistema de barramento IEEE 14. A integração do AG reduz a força do sistema, enquanto as outras duas gerações têm um impacto insignificante na força do sistema.
},
	file = {PDF:/home/leonardofdsantos/Zotero/storage/FDUZFG5S/Mia et al. - 2023 - System Strength Impact Assessment of Power Systems.pdf:application/pdf},
}

@inproceedings{katsivelakis_transient_2020,
	address = {Piraeus, Greece},
	title = {Transient {Stability} {Analysis} in {Power} {Systems} {Integrated} with a {Doubly}-{Fed} {Induction} {Generator} {Wind} {Farm}},
	copyright = {https://ieeexplore.ieee.org/Xplorehelp/downloads/license-information/IEEE.html},
	isbn = {978-1-6654-2228-4},
	url = {https://ieeexplore.ieee.org/document/9284361/},
	doi = {10.1109/IISA50023.2020.9284361},
	abstract = {Renewable energy systems, especially wind turbines and farms are nowadays integrated rapidly into power systems and smart grids. Several technical challenges arise due to penetration of wind energy into power networks and systems. In order for system stability and steady state operation to be ensured in power systems and electric networks, steady and dynamic analysis are necessary. We study a standard IEEE 9 bus test system, which is integrated with a Doubly-Fed Induction Generator wind farm, aiming to examine its behaviour during disturbances. Steady state and transient stability conﬁgurations are proposed in order to analyze the system described. A threephase fault is suddenly applied to a load bus. Moreover, critical fault clearing time is identiﬁed for the corresponding three-phase fault and results show the maximum time for system stability during a disturbance. The inﬂuence of transient stability, including voltage stability, angle stability, active power and reactive power is discussed and research results become important for the smooth integration of wind farms into networks. This study is conducted with the help of PSS/E 34 software simulation tool by Siemens.},
	language = {en},
	urldate = {2025-04-02},
	booktitle = {2020 11th {International} {Conference} on {Information}, {Intelligence}, {Systems} and {Applications} ({IISA}},
	publisher = {IEEE},
	author = {Katsivelakis, Michail and Bargiotas, Dimitrios and Daskalopulu, Aspassia},
	month = jul,
	year = {2020},
	pages = {1--7},
	annote = {Neste artigo, um sistema de teste padrão IEEE de 9 barramentos, que é integrado com um parque eólico de Gerador de Indução Duplamente Alimentado, é estudado, com o objetivo de examinar seu comportamento durante distúrbios. Configurações de estado estacionário e estabilidade transitória são propostas para analisar o sistema descrito. Uma falta trifásica é repentinamente aplicada a um barramento de carga. Além disso, o tempo crítico de eliminação de falta é identificado para a correspondente falta trifásica e os resultados mostram o tempo máximo para a estabilidade do sistema durante um distúrbio.
},
	file = {PDF:/home/leonardofdsantos/Zotero/storage/L5LZBQGM/Katsivelakis et al. - 2020 - Transient Stability Analysis in Power Systems Integrated with a Doubly-Fed Induction Generator Wind.pdf:application/pdf},
}

@article{bueno_de_souza_accelerated_2022,
	title = {Accelerated {Protection} ({AP}) scheme in overhead distribution networks},
	volume = {2022},
	issn = {2732-4494},
	url = {http://digital-library.theiet.org/doi/10.1049/icp.2022.0708},
	doi = {10.1049/icp.2022.0708},
	abstract = {It is a new philosophy of protection in distribution networks, whose objective is to reduce, in an unconventional way, the sum of the operating times (exposure) of the protection equipment (reclosers and circuit breakers) on the short-circuit currents, while throughout the automatic reclosing cycle, maintaining the coordination of the protection system. From the protection point of view, this philosophy can be applied mainly in feeders that contain a large number of protection devices in series, which results in long operating times and exposure to fault currents, especially in devices further upstream in the feeders, with using conventional protection philosophies. Pilots of this new philosophy were applied, which presented satisfactory and even surprising results (in cases of broken cables), thus, resulting in a rollout process of this philosophy in about 400 other devices protection in the utility grid, presenting good scalability due to possibility of its application in all models of IEDs of reclosers and circuit breakers of the utility that are found on the market. This scheme was elaborated and managed through the project called Urban Futurability, which consists of an R\&D project performed at Enel-SP.},
	language = {en},
	number = {3},
	urldate = {2025-04-02},
	journal = {IET Conference Proceedings},
	author = {Bueno De Souza, H. and Martins, K. and Dos Santos, E. and De Macedo, A. and Izumida Martins, M. A. and João, D. V.},
	month = jun,
	year = {2022},
	pages = {265--269},
	annote = {O artigo propõe o uso de um método para representar com precisão os modelos de relés de proteção de distância em simulações de estabilidade de sistemas de energia com recursos baseados em inversor (IBR). Os relés de distância típicos podem falhar ao proteger linhas com IBRs devido à resposta dos conversores durante uma falta. Este artigo combina o uso de um software de estabilidade e um programa de curto-circuito para representar com precisão o modelo de proteção de distância em simulações de estabilidade. Simulações usando um sistema de energia com alta participação de energia eólica são usadas para validar o método.
},
	file = {PDF:/home/leonardofdsantos/Zotero/storage/67YWYTVN/Bueno De Souza et al. - 2022 - Accelerated Protection (AP) scheme in overhead distribution networks.pdf:application/pdf},
}

@inproceedings{patino_practical_2023,
	address = {Orlando, FL, USA},
	title = {A {Practical} {Method} to {Represent} {Distance} {Protection} {Relays} in {Transient} {Stability} {Simulations} of {Lines} {Connecting} {Inverter}-{Based} {Resources}},
	copyright = {https://doi.org/10.15223/policy-029},
	isbn = {978-1-6654-6441-3},
	url = {https://ieeexplore.ieee.org/document/10252921/},
	doi = {10.1109/PESGM52003.2023.10252921},
	urldate = {2025-04-02},
	booktitle = {2023 {IEEE} {Power} \& {Energy} {Society} {General} {Meeting} ({PESGM})},
	publisher = {IEEE},
	author = {Patino, Oscar and Soto, Carolina Correa and Grilo-Pavani, Ahda P. and Ramos, Rodrigo A. and Furlaneto, Renan M. and Kocar, Ilhan},
	month = jul,
	year = {2023},
	pages = {1--5},
	annote = {O artigo apresenta uma nova filosofia de proteção em redes de distribuição, cujo objetivo é reduzir o tempo de operação dos equipamentos de proteção em correntes de curto-circuito, mantendo a coordenação do sistema de proteção. Essa filosofia pode ser aplicada principalmente em alimentadores que contêm um grande número de dispositivos de proteção em série, o que resulta em longos tempos de operação sob corrente de falta. Pilotos dessa nova filosofia foram aplicados, apresentando resultados satisfatórios e escalabilidade.
},
	file = {PDF:/home/leonardofdsantos/Zotero/storage/XX25PVBM/Patino et al. - 2023 - A Practical Method to Represent Distance Protection Relays in Transient Stability Simulations of Lin.pdf:application/pdf},
}

@inproceedings{nayak_communication_2020,
	address = {Gandhinagar, India},
	title = {Communication {Assisted} {Protection} {Scheme} with {Localized} backup for {AC} microgrid},
	copyright = {https://ieeexplore.ieee.org/Xplorehelp/downloads/license-information/IEEE.html},
	isbn = {978-1-7281-8552-1},
	url = {https://ieeexplore.ieee.org/document/9331872/},
	doi = {10.1109/NPSC49263.2020.9331872},
	abstract = {Microgrids incorporate various unconventional sources like solar photovoltaic (PV) whose response towards short-circuit faults are different Moreover, the grid-connected and autonomous mode of operation of microgrids causes large difference in fault currents through the relays for which adaptive protection mechanisms are employed. With current advancement in the communication infrastructure, a communication-assisted protection scheme is proposed in this paper to avoid the change of settings required during the transition of grid-connected and autonomous mode. The proposed index is calculated at the relays using local measurements. The faulted section is isolated using the communicated information between the relays. In case of communication failure, decision is taken using locally calculated index and a coordinated operation of relays is also ensured during breaker failure to provide backup protection. The proposed scheme is validated using PSCAD/EMTDC simulations.},
	language = {en},
	urldate = {2025-04-02},
	booktitle = {2020 21st {National} {Power} {Systems} {Conference} ({NPSC})},
	publisher = {IEEE},
	author = {Nayak, Kuldip and Pradhan, Ashok Kumar},
	month = dec,
	year = {2020},
	pages = {1--6},
	annote = {O artigo propõe um esquema de proteção assistida por comunicação com proteção de backup localizada para microrredes CA. O esquema proposto calcula o índice nos relés usando medições locais. A seção com defeito é isolada usando as informações comunicadas entre os relés. Em caso de falha de comunicação, a decisão é tomada usando o índice calculado localmente. A coordenação entre os relés é garantida durante a falha do disjuntor para fornecer proteção de backup. O esquema proposto é validado usando simulações PSCAD/EMTDC.
},
	file = {PDF:/home/leonardofdsantos/Zotero/storage/R2ZRZAS7/Nayak e Pradhan - 2020 - Communication Assisted Protection Scheme with Localized backup for AC microgrid.pdf:application/pdf},
}

@inproceedings{jafarian_design_2023,
	address = {Tehran, Iran, Islamic Republic of},
	title = {Design of {Current} {Reference} {Controller} for {Inverter}-{Based} {Resources} to {Emulate} {Short}-{Circuit} {Behavior} of a {Synchronous} {Generator}},
	copyright = {https://doi.org/10.15223/policy-029},
	isbn = {979-8-3503-1153-2},
	url = {https://ieeexplore.ieee.org/document/10123320/},
	doi = {10.1109/IPAPS58344.2023.10123320},
	abstract = {Renewable resources are mostly interfaced to the grid through inverter systems with dictated behavior during shortcircuit faults depending on the manufacturer design and specifications. The unconventional short-circuit behavior of inverter-based resources (IBR) challenges the conventional protective functions, causing spurious tripping for some external fault conditions and no tripping for some internal faults. An approach to alleviate the IBR protection issues is to develop new protective functions compatible with the fault response of IBRs. However, in a transmission system with high penetration of IBRs, many protective relays throughout the grid could be affected so that replacement of a large number of conventional relays is not practically feasible. Rather, it is economically beneficial to design the control system of IBRs so as to mimic the fault behavior of a conventional synchronous machine. This paper presents a current reference controller for the full-converter IBRs to utilize the maximum current capability of the inverter power-electronic switches while emulating the incremental sequence current magnitudes of a conventional synchronous generator. Conducting simulation studies in the PSCAD/EMTDC program, it is shown than the proposed method is well capable of achieving the mentioned goal for all fault types.},
	language = {en},
	urldate = {2025-04-02},
	booktitle = {2023 {International} {Conference} on {Protection} and {Automation} of {Power} {Systems} ({IPAPS})},
	publisher = {IEEE},
	author = {Jafarian, Peyman and Hashemi, Sayyed Mohammad and Sanaye-Pasand, Majid},
	month = jan,
	year = {2023},
	pages = {1--7},
	annote = {O artigo apresenta um controlador de referência de corrente para IBRs de conversor completo para emular o comportamento de curto-circuito de um gerador síncrono. O algoritmo proposto prioriza a injeção das correntes reativas dinâmicas sobre a corrente ativa pré-falta. O algoritmo proposto inclui a limitação de corrente dos interruptores do inversor no estágio original de geração de referência, de modo que a limitação seja aplicada em todas as três fases simultaneamente. Os resultados mostram que o método proposto é bem capaz de atingir o objetivo mencionado para todos os tipos de falta.
},
	file = {PDF:/home/leonardofdsantos/Zotero/storage/I7ED6JK2/Jafarian et al. - 2023 - Design of Current Reference Controller for Inverter-Based Resources to Emulate Short-Circuit Behavio.pdf:application/pdf},
}

@inproceedings{panashchatenko_ensuring_2024,
	address = {Moscow, Russian Federation},
	title = {Ensuring {Correct} {Relay} {Protection} {Functioning} in {Transient} {Modes} {With} {Saturation} of {Current} {Transformers}},
	copyright = {https://doi.org/10.15223/policy-029},
	isbn = {979-8-3315-0110-5},
	url = {https://ieeexplore.ieee.org/document/10932875/},
	doi = {10.1109/RPA65165.2024.10932875},
	language = {en},
	urldate = {2025-04-02},
	booktitle = {2024 7th {International} {Youth} {Scientific} and {Technical} {Conference} on {Relay} {Protection} and {Automation} ({RPA})},
	publisher = {IEEE},
	author = {Panashchatenko, A.V. and Yablokov, A.A.},
	month = nov,
	year = {2024},
	pages = {1--9},
	annote = {O artigo trata de garantir o correto funcionamento da proteção de relé em modos transitórios com saturação de transformadores de corrente. Ele descreve os métodos de teste de RPAD e propõe novos métodos de teste que pressupõem o uso de gêmeos digitais e/ou físicos do RPAD, modelos de simulação da instalação de energia protegida e modelos de transformadores de corrente. Os métodos propostos pressupõem o teste de RPADs em condições o mais próximo possível das condições reais de operação, o que permite obter os resultados mais precisos ao determinar a correta operação de RPADs em modos acompanhados de saturação de TC. Os métodos desenvolvidos foram testados com sucesso com dispositivos de um dos maiores fabricantes de RPAD.
},
	file = {PDF:/home/leonardofdsantos/Zotero/storage/QGXUVTCT/Panashchatenko e Yablokov - 2024 - Ensuring Correct Relay Protection Functioning in Transient Modes With Saturation of Current Transfor.pdf:application/pdf},
}

@inproceedings{mohammadhassani_export_2023,
	address = {College Station, TX, USA},
	title = {Export {Cable} {Protection} for {Offshore} {Wind} {Farms} {Using} {Type}-{IV} {Wind} {Turbine} {Generators}},
	copyright = {https://doi.org/10.15223/policy-029},
	isbn = {979-8-3503-2134-0},
	url = {https://ieeexplore.ieee.org/document/10127019/},
	doi = {10.1109/CFPR57837.2023.10127019},
	abstract = {Export cable protection for offshore wind farms (OWF) using Type-IV wind turbine generators (WTGs) is challenging due to the WTG’s limited, variable, and unconventional fault-current response. Typically, line-currentdifferential relaying is used for primary protection and then, when communication is lost, the differential relays are backed up by distance relays. However, in presence of WTGs, distance protection is highly prone to misoperation. Therefore, this paper proposes a protection scheme that uses a loss-of-potential overcurrent logic for OWF export cables as an alternative backup protection. For this study, an experimental setup was created using a real-time digital simulator and physical relays to evaluate the performance of the proposed protection scheme using hardware-in-the-loop testing. Test results showed that the proposed scheme operated correctly under different types of faults and fault locations.},
	language = {en},
	urldate = {2025-04-02},
	booktitle = {2023 76th {Annual} {Conference} for {Protective} {Relay} {Engineers} ({CFPR})},
	publisher = {IEEE},
	author = {Mohammadhassani, Ardavan and Skoff, Nicholas and Nguyen, Tin and Mehrizi-Sani, Ali},
	month = mar,
	year = {2023},
	pages = {1--7},
	annote = {O artigo propõe um esquema de proteção para cabos de exportação de parques eólicos offshore (OWF) usando geradores de turbina eólica Tipo IV. A proteção primária é fornecida usando relés diferenciais de corrente de linha e proteção de backup usando relés de distância. Como a proteção de distância é altamente vulnerável a operação incorreta na presença de WTGs, uma lógica de sobrecorrente de perda de potencial é proposta como uma alternativa para proteção de backup usando relés de distância. A configuração experimental usa um simulador digital em tempo real e relés físicos para avaliar o desempenho do esquema de proteção proposto usando testes de hardware-in-the-loop. Os resultados dos testes mostraram que o esquema proposto operou corretamente sob diferentes tipos de faltas e locais de faltas.
},
	file = {PDF:/home/leonardofdsantos/Zotero/storage/ADN9G22J/Mohammadhassani et al. - 2023 - Export Cable Protection for Offshore Wind Farms Using Type-IV Wind Turbine Generators.pdf:application/pdf},
}

@inproceedings{loebel_hil_2024,
	address = {Seattle, WA, USA},
	title = {{HiL} {Ground} {Fault} {Distance} {Protection} {Tests} of {Novel} {Zero} {Sequence} {Control} {VSC}},
	copyright = {https://doi.org/10.15223/policy-029},
	isbn = {979-8-3503-8183-2},
	url = {https://ieeexplore.ieee.org/document/10689074/},
	doi = {10.1109/PESGM51994.2024.10689074},
	abstract = {The number of power electronic converters in the electrical grid is increasing. In converter dominated grids, these determine the fault behaviour of the grid signiﬁcantly. This behaviour mostly deviates from the classic fault behaviour in the case of synchronous machine dominating grids. In addition novel converter control schemes provide exemplary an unconventional fault behaviour regarding the zero sequence fault currents. In order to ensure the protection security and dependability in the future under these circumstances, protection relays and algorithms must be tested for this new behaviour preferably in real time.},
	language = {en},
	urldate = {2025-04-02},
	booktitle = {2024 {IEEE} {Power} \& {Energy} {Society} {General} {Meeting} ({PESGM})},
	publisher = {IEEE},
	author = {Loebel, Jonathan and Mahr, Florian and Jaeger, Johann},
	month = jul,
	year = {2024},
	pages = {1--5},
	annote = {O artigo apresenta uma configuração hardware-in-the-loop de relé de proteção de distância para testes em tempo real. Ele investigou faltas à terra na presença de um novo esquema de controle de conversor para correntes de falta de sequência zero e vários algoritmos de proteção de distância convencionais. A nova topologia do conversor permite o controle de corrente de sequência zero durante faltas à terra usando uma impedância virtual. Os resultados do teste são a base de um ajuste ideal do controle de corrente de sequência zero do conversor para uma resposta adequada do relé de proteção.
},
	file = {PDF:/home/leonardofdsantos/Zotero/storage/WK6RP73I/Loebel et al. - 2024 - HiL Ground Fault Distance Protection Tests of Novel Zero Sequence Control VSC.pdf:application/pdf},
}

@article{saad_implementation_2022,
	title = {Implementation of multi-level coordination scheme to reduce fault clearing time in {Libyan} distribution system using distance and non-standard overcurrent characteristics},
	volume = {2022},
	issn = {2732-4494},
	url = {http://digital-library.theiet.org/doi/10.1049/icp.2022.0937},
	doi = {10.1049/icp.2022.0937},
	abstract = {Several studies illustrate the application of distance and directional relays for line protection design and operation. The mis-coordination problems between OverCurrent Relays (OCRs) and zones of Distance Relay (DR) in transmission lines are one of the causes of blackouts globally. In particular, the overreach of Zone-2 in DR, which can result in undesired Zone-2 operation. The proposed mixed coordination strategies between overcurrent and distance protection schemes in this paper can overcome such problems in distribution systems. As a result, it is possible to create more reliable power systems. This study offers p ractical implementation for the coordination of Distance and overcurrent protection schemes by enhancing the setting of the overcur-rent protection scheme. This practice will prevent upward distance relays cascade tripping when three-phase faults happen. The unconventional procedure is also improved for adaptive protection schemes. To assist and illustrate the feasibility of the scheme proposed; tests on simulation packages (NEPLAN and ETAP) for a part of the electrical network in Benghazi that includes both lines between the Al-Hadiqa stations, Salmani and Bougrain are conducted using empirical data during different f ault s cenarios. T he s imulation o utcomes vali-date the proposed scheme’s effectiveness a nd c onfirm th at th e pr oposed ap proach wo rks co rrectly in different scenarios.},
	language = {en},
	number = {2},
	urldate = {2025-04-02},
	journal = {IET Conference Proceedings},
	author = {Saad, S. M. and Abeid, S. and Naily, N. E. and Mustafa, H. Y.},
	month = may,
	year = {2022},
	pages = {189--194},
	annote = {O artigo trata de uma nova filosofia de proteção em redes de distribuição, cujo objetivo é reduzir o tempo de operação dos equipamentos de proteção em correntes de curto-circuito, mantendo a coordenação do sistema de proteção. Essa filosofia pode ser aplicada principalmente em alimentadores que contêm um grande número de dispositivos de proteção em série, o que resulta em longos tempos de operação sob corrente de falta. Pilotos dessa nova filosofia foram aplicados, apresentando resultados satisfatórios e escalabilidade. Este esquema foi elaborado e gerenciado por meio do projeto chamado Urban Futurability, que consiste em um projeto de P\&D realizado na Enel-SP.
},
	file = {PDF:/home/leonardofdsantos/Zotero/storage/IQJGB8PV/Saad et al. - 2022 - Implementation of multi-level coordination scheme to reduce fault clearing time in Libyan distributi.pdf:application/pdf},
}

@article{kasztenny_line_2022,
	title = {Line distance protection near unconventional energy sources},
	volume = {2022},
	issn = {2732-4494},
	url = {http://digital-library.theiet.org/doi/10.1049/icp.2022.0944},
	doi = {10.1049/icp.2022.0944},
	abstract = {This paper introduces distance elements suitable for protecting lines near wind-turbine generators and inverter-based sources. The paper begins by analyzing issues with distance elements that use memory polarization for directionality and negativesequence current for faulted-loop selection and reactance comparator polarization. The analysis is based on worst-case assumptions derived from field cases and published findings, it avoids modeling by using proprietary and uncertain information about the sources, and it does not assume that the source fault response complies with any local, international, present, or pending interconnection standards. The paper identifies parts of the distance element logic that do not work well in applications near unconventional sources and replaces the problematic parts with alternatives that perform satisfactorily. The solution is based on an offset distance characteristic to avoid memory polarization. It further uses separate directional elements to directionalize the offset distance elements by taking advantage of the system fault current contribution rather than the source current contribution.},
	language = {en},
	number = {2},
	urldate = {2025-04-02},
	journal = {IET Conference Proceedings},
	author = {Kasztenny, B.},
	month = may,
	year = {2022},
	pages = {224--229},
	annote = {O artigo apresenta um novo projeto de proteção para linhas próximas a fontes de energia não convencionais. O projeto é baseado nos conceitos de impedância aparente e uma lógica direcional que evita usar a contribuição da corrente de falta da fonte. A lógica proposta utiliza elementos direcionais separados para direcionar a característica de distância de deslocamento, utilizando a contribuição de corrente de curto-circuito do sistema remoto para faltas reversas. Os resultados mostram que o esquema proposto opera corretamente para todos os tipos de faltas em todas as localizações.
},
	file = {PDF:/home/leonardofdsantos/Zotero/storage/9FYDAS6Q/Kasztenny - 2022 - Line distance protection near unconventional energy sources.pdf:application/pdf},
}

@article{lopes_maturity_2024,
	title = {Maturity {Analysis} of {Protection} {Solutions} for {Power} {Systems} {Near} {Inverter}-{Based} {Resources}},
	volume = {39},
	copyright = {https://ieeexplore.ieee.org/Xplorehelp/downloads/license-information/IEEE.html},
	issn = {0885-8977, 1937-4208},
	url = {https://ieeexplore.ieee.org/document/10577496/},
	doi = {10.1109/TPWRD.2024.3420421},
	abstract = {This review paper studies the literature on protection technologies for power systems near inverter-based resources (IBRs) toward identifying the maturity levels of emerging solutions. Equipment and protection issues that have been investigated in the context of the integration of IBRs are ﬁrstly identiﬁed, and then, promising emerging protection solutions are assessed regarding attributes like depth of related research, testing experiences using real-world data, availability/feasibility in real protective/control devices and generalization capability. From the obtained results, candidate solutions that may help solving some protection issues that have taken place in systems near IBRs are identiﬁed, and challenges that are still to be overcome are highlighted, indicating potential future research and development trends.},
	language = {en},
	number = {5},
	urldate = {2025-04-02},
	journal = {IEEE Transactions on Power Delivery},
	author = {Lopes, Felipe V. and Davi, Moisés J. B. B. and Oleskovicz, Mário and Hooshyar, Ali and Dong, Xinzhou and Neto, Adonias A. A.},
	month = oct,
	year = {2024},
	pages = {2630--2643},
	annote = {O artigo estuda a literatura sobre tecnologias de proteção para sistemas de energia perto de recursos baseados em inversor (IBR) para identificar os níveis de maturidade de soluções emergentes. Ele identifica os problemas de equipamentos e proteção que foram investigados no contexto da integração de IBRs e, em seguida, avalia as soluções de proteção emergentes promissoras em relação a atributos como profundidade da pesquisa relacionada, experiências de teste usando dados do mundo real, disponibilidade/viabilidade em dispositivos de proteção/controle reais e capacidade de generalização. O artigo destaca desafios que ainda precisam ser superados, indicando potenciais tendências futuras de pesquisa e desenvolvimento.
},
	file = {PDF:/home/leonardofdsantos/Zotero/storage/JVTBYJR6/Lopes et al. - 2024 - Maturity Analysis of Protection Solutions for Power Systems Near Inverter-Based Resources.pdf:application/pdf},
}

@inproceedings{anggriawan_modeling_2018,
	address = {Manado, Indonesia},
	title = {Modeling of {Unconventional} {Overcurrent} {Relay} {Curve} in the {Industrial} {Power} {Systems} {Using} {Radial} {Basis} {Function} {Neural} {Network}},
	isbn = {978-1-5386-7548-9},
	url = {https://ieeexplore.ieee.org/document/8751247/},
	doi = {10.1109/iCAST1.2018.8751247},
	language = {en},
	urldate = {2025-04-02},
	booktitle = {2018 {International} {Conference} on {Applied} {Science} and {Technology} ({iCAST})},
	publisher = {IEEE},
	author = {Anggriawan, Dimas Okky and Sudiharto, Indhana and Suryono, Suryono and Tjahjono, Anang and Pujiantara, Margo},
	month = oct,
	year = {2018},
	pages = {314--317},
	annote = {O artigo analisa as tecnologias de proteção para sistemas de energia perto de recursos baseados em inversor (IBR) para identificar os níveis de maturidade de soluções emergentes. Ele agrupa as tecnologias existentes de acordo com seus princípios de operação e avalia seus níveis de maturidade, considerando atributos como profundidade da pesquisa relacionada, experiências de teste usando dados do mundo real, disponibilidade/viabilidade em dispositivos de proteção/controle reais e capacidade de generalização. O artigo identifica soluções candidatas que podem ajudar a resolver problemas de proteção em sistemas com IBRs e destaca desafios que ainda precisam ser superados.
},
	file = {PDF:/home/leonardofdsantos/Zotero/storage/U5SGB2CI/Anggriawan et al. - 2018 - Modeling of Unconventional Overcurrent Relay Curve in the Industrial Power Systems Using Radial Basi.pdf:application/pdf},
}

@article{kasztenny_power-swing_2024,
	title = {Power-swing detection logic for systems with low inertia},
	volume = {2024},
	issn = {2732-4494},
	url = {http://digital-library.theiet.org/doi/10.1049/icp.2024.0888},
	doi = {10.1049/icp.2024.0888},
	abstract = {Distance protection elements face security problems during power-swing conditions because the swelling power may cause the apparent impedance to encroach on the element operating characteristics. To address this problem, line distance protective relays include a power-swing blocking logic to secure their distance elements during power swings. Avoiding undesired line tripping keeps the transmission network intact and gives the system time to stabilize through inherent transient stability margins and dedicated transient stability schemes, including load and generation shedding, power system stabilizers, and remedial action schemes. From the protection perspective, however, assertion of the power-swing blocking logic hurts protection dependability during power-swing conditions. Symmetrical faults that cannot be detected by using sequence directional elements in a pilot protection scheme are of particular concern. To maintain protection dependability during power swings, it is desirable to remove the power-swing blocking signal for faults that occur during power swings, especially for three-phase symmetrical faults. Characteristics of power swings continue to change as more unconventional low-inertia sources are added to the power system. These sources are modulated by their control algorithms rather than by the inertia of the rotating masses and synchronous machine torques. This paper presents a power-swing blocking and out-of-step tripping logic suitable for systems with low inertia. The presented logic does not require settings and derives its operating parameters from the basic line parameters and distance protection settings. As a result, application of the presented logic does not need transient stability studies. The logic presented in this paper has been implemented and deployed in the field since 2020.},
	language = {en},
	number = {1},
	urldate = {2025-04-02},
	journal = {IET Conference Proceedings},
	author = {Kasztenny, Bogdan and West, Michael and Mynam, Mangapathirao V.},
	month = apr,
	year = {2024},
	pages = {132--141},
	annote = {O documento apresenta um novo projeto para lógica de bloqueio de oscilação de potência e disparo fora de sincronismo, adequado para sistemas com baixa inércia. A lógica proposta é baseada na medição contínua da taxa de variação de impedância. A aplicação da lógica não requer estudos de estabilidade transitória e a lógica não assume que a impedância percorre em um caminho tradicional de direita para esquerda ou esquerda para direita no plano de impedância aparente. O projeto usa elementos direcionais separados para direcionar a característica de impedância de deslocamento.
},
	file = {PDF:/home/leonardofdsantos/Zotero/storage/K7NYEBDY/Kasztenny et al. - 2024 - Power-swing detection logic for systems with low inertia.pdf:application/pdf},
}

@inproceedings{lebedev_specific_2018,
	address = {Moscow},
	title = {Specific {Features} of {Digital} {Current} and {Voltage} {Transformers} for {Relay} {Protection}, {Automation} and {Commercial} {Electric} {Power} {Metering}},
	isbn = {978-1-5386-6799-6},
	url = {https://ieeexplore.ieee.org/document/8537187/},
	doi = {10.1109/RPA.2018.8537187},
	language = {en},
	urldate = {2025-04-02},
	booktitle = {2018 {International} {Youth} {Scientific} and {Technical} {Conference} {Relay} {Protection} and {Automation} ({RPA})},
	publisher = {IEEE},
	author = {Lebedev, V.D. and Yablokov, A.A. and Filatova, G.A. and Lebedeva, N.V.},
	month = sep,
	year = {2018},
	pages = {1--12},
	annote = {O artigo trata das características específicas dos transformadores de corrente e tensão digitais para proteção de relés, automação e medição comercial de energia elétrica. Ele explora o uso de transformadores de corrente e tensão não convencionais para proteção de relés e automação. O artigo também examina as características de frequência dos conversores primários e apresenta um algoritmo para processamento de sinais de conversores primários implementados de acordo com diferentes princípios físicos.
},
	file = {PDF:/home/leonardofdsantos/Zotero/storage/MZQXGVEC/Lebedev et al. - 2018 - Specific Features of Digital Current and Voltage Transformers for Relay Protection, Automation and C.pdf:application/pdf},
}

@inproceedings{gaitan_cubides_stability_2022,
	address = {La Paz, Bolivia},
	title = {Stability {Analysis} in a {Colombian} {Non}-{Interconnected} {Zone} with {BESS} and {PV} {Systems} in {Different} {Locations} of a {Recloser} as {Main} {Protection}},
	copyright = {https://doi.org/10.15223/policy-029},
	isbn = {979-8-3503-4605-3},
	url = {https://ieeexplore.ieee.org/document/10037784/},
	doi = {10.1109/IEEEPESGTDLatinAmeri53482.2022.10037784},
	abstract = {Various areas of Colombia meet their energy needs from the generation of electricity with Diesel generators since they are not connected to the National Interconnected System (SIN for its acronym in Spanish). In some of these areas, generation systems have been installed from unconventional sources, whose characteristics make them ideal power systems to propose and evaluate different protection strategies and schemes. Due to the importance of maintaining the electrical service in these populations, in this work the installation of a recloser in different parts of the system is proposed to increase the reliability of the network in the event of failures in different parts of the distribution system and its stability is evaluated in the same way with the operation of these devices through RMS simulations.},
	language = {en},
	urldate = {2025-04-02},
	booktitle = {2022 {IEEE} {PES} {Generation}, {Transmission} and {Distribution} {Conference} and {Exposition} – {Latin} {America} ({IEEE} {PES} {GTD} {Latin} {America})},
	publisher = {IEEE},
	author = {Gaitan Cubides, Luis Felipe and Gomez Ariza, Juan David and Zapata Giraldo, Luis Alberto and De Jesus Jaramillo Serna, Jose and Gonzalez Sanchez, Jorge Wilson},
	month = oct,
	year = {2022},
	pages = {1--6},
	annote = {O artigo trata da avaliação do efeito da introdução de microrredes (MGs) na confiabilidade de sistemas de distribuição rurais (RDS) usando o método de simulação de Monte Carlo. Ele propõe um modelo de confiabilidade para um RDS com MGs. O estudo avaliou o efeito da introdução de MGs em RDS colombianos, considerando diferentes níveis de penetração de GD renovável e não renovável, e sob potência nominal de armazenamento de energia.
},
	file = {PDF:/home/leonardofdsantos/Zotero/storage/UW5VI77Y/Gaitan Cubides et al. - 2022 - Stability Analysis in a Colombian Non-Interconnected Zone with BESS and PV Systems in Different Loca.pdf:application/pdf},
}

@inproceedings{joao_accelerated_2022,
	address = {Orem, UT, USA},
	title = {Accelerated {Protection} {Methodology} for {Broken} {Conductor} {Protection} - {An} {Implementation} {Case}},
	copyright = {https://doi.org/10.15223/policy-029},
	isbn = {978-1-6654-8653-8},
	url = {https://ieeexplore.ieee.org/document/9796756/},
	doi = {10.1109/IETC54973.2022.9796756},
	abstract = {Broken Conductor is caused when a fault breaks up the line cable and remains hanging at the pole or touches in a high impedance surface.This situation brings problems for traditional protection systems that acts in response only to an overcurrent measures. In certain situation, the temporary and permanent fault distinguishing can take long time until the final protection trip. This paper presents an Accelerated Protection based on dead-time recloser adaptation to improve the power system protection. The goal of this methodology is to adapt the dead-time reclosing, according to the protection zone, after a determined number of trials. As results, the paper brings real cases of implementation, considering ten feeders of a electrical substation, where the proposed methodology is analyzed on-field. The outcome of the work is the result of a R\&D project hosted by ENEL Distribui¸c˜ao S˜ao Paulo called Urban Futurability.},
	language = {en},
	urldate = {2025-04-02},
	booktitle = {2022 {Intermountain} {Engineering}, {Technology} and {Computing} ({IETC})},
	publisher = {IEEE},
	author = {Joao, Diogo Vinicius and Souza, Hamilton G. B. and Martins, Marcos A. Izumida and Martins, Kennedy A.},
	month = may,
	year = {2022},
	pages = {1--4},
	annote = {O artigo apresenta uma metodologia de Proteção Acelerada baseada na adaptação do religador de tempo morto para melhorar a proteção do sistema de energia. O objetivo desta metodologia é adaptar o rearme de tempo morto, de acordo com a zona de proteção, após um determinado número de tentativas. Os resultados trazem casos reais de implementação, considerando dez alimentadores de uma subestação elétrica, onde a metodologia proposta é analisada em campo. O resultado do trabalho é fruto de um projeto de P\&D realizado pela ENEL Distribuição São Paulo denominado Urban Futurability.
},
	file = {PDF:/home/leonardofdsantos/Zotero/storage/9SH4H372/Joao et al. - 2022 - Accelerated Protection Methodology for Broken Conductor Protection - An Implementation Case.pdf:application/pdf},
}

@inproceedings{gumede_comparison_2021,
	address = {Mauritius, Mauritius},
	title = {A {Comparison} of a {Recloser} {Performance} in a {Passive} and {Active} {Distribution} {System}},
	copyright = {https://doi.org/10.15223/policy-029},
	isbn = {978-1-6654-1262-9},
	url = {https://ieeexplore.ieee.org/document/9590845/},
	doi = {10.1109/ICECCME52200.2021.9590845},
	abstract = {A recloser is a protection device used to mitigate long power interruptions during transient faults in passive distribution systems. Passive distribution systems are becoming active because of the integration of distributed generation. This generation introduces a reverse power flow and consequently a reverse fault current. The pick-up and operation time of the recloser can be affected because of the change in the fault current level. It is essential to study and compare the recloser's pick-up activity and operation time before setting the recloser in an active distribution system. This study, therefore, develops a virtual single-shot reclosing scheme and its performance tested in a passive and active distribution system. Matlab/Simulink/Simscape power systems environment is used to simulate cases. Simulations are conducted for four case studies to identify issues in the performance of the recloser when there is distributed generation. The results show that the fault contribution of the distributed generation causes false tripping, protection blinding, and recloserfuse misco-ordination.},
	language = {en},
	urldate = {2025-04-02},
	booktitle = {2021 {International} {Conference} on {Electrical}, {Computer}, {Communications} and {Mechatronics} {Engineering} ({ICECCME})},
	publisher = {IEEE},
	author = {Gumede, Siyabonga Brian and Saha, Akshay Kumar},
	month = oct,
	year = {2021},
	pages = {1--6},
	annote = {O artigo trata do desempenho de um religador em sistemas de distribuição passivos e ativos. Ele desenvolve um esquema de religamento virtual de tiro único e testa seu desempenho em um sistema de distribuição passivo e ativo. O estudo simula casos para identificar problemas no desempenho do religador quando há geração distribuída. Os resultados mostram que a contribuição de falta da geração distribuída causa disparos falsos, proteção cega e má coordenação religador-fusível.
},
	file = {PDF:/home/leonardofdsantos/Zotero/storage/Z8IEGALI/Gumede e Saha - 2021 - A Comparison of a Recloser Performance in a Passive and Active Distribution System.pdf:application/pdf},
}

@article{yousaf_adaptive_2022,
	title = {An {Adaptive} {Overcurrent} {Protection} {Scheme} for {Dual}-{Setting} {Directional} {Recloser} and {Fuse} {Coordination} in {Unbalanced} {Distribution} {Networks} {With} {Distributed} {Generation}},
	volume = {58},
	copyright = {https://ieeexplore.ieee.org/Xplorehelp/downloads/license-information/IEEE.html},
	issn = {0093-9994, 1939-9367},
	url = {https://ieeexplore.ieee.org/document/9693192/},
	doi = {10.1109/TIA.2022.3146095},
	abstract = {The recloser–fuse coordination of the distribution networks (DNs) equipped with distributed generators may be jeopardized by using the conventional overcurrent protection strategies thus degrading the network reliability. This article focuses on the design of a protection coordination strategy based on the dualsetting directional recloser (DSDR) for the effective implementation of a fuse-saving scheme in DNs. The proposed DSDR-based protection strategy will assist the network operators by providing a ﬂexible coordination range along with more accurate protection settings to meet the protection coordination requirements. The performance of the proposed protection scheme has been validated through its implementation on IEEE standardized test systems and a comparative analysis has been drawn to demonstrate its effectiveness. Furthermore, this article concentrates on the economical design of the protection strategy for DNs by utilizing fewer numbers of protective devices. The results show that the proposed strategy will considerably reduce the number of temporary and sustained interruptions experienced by the consumers of large DNs thus improving the network reliability indices.},
	language = {en},
	number = {2},
	urldate = {2025-04-02},
	journal = {IEEE Transactions on Industry Applications},
	author = {Yousaf, Muhammad and Jalilian, Amin and Muttaqi, Kashem M. and Sutanto, Danny},
	month = mar,
	year = {2022},
	pages = {1831--1842},
	annote = {Este artigo aborda o problema da coordenação recloser-fusível em redes de distribuição (RDs) equipadas com geradores distribuídos, que pode ser comprometida pelo uso de estratégias convencionais de proteção contra sobrecorrente, degradando assim a confiabilidade da rede. O artigo propõe uma estratégia de coordenação de proteção baseada no religador direcional de dupla configuração (DSDR) para a implementação eficaz de um esquema de economia de fusível em DNs. A estratégia de proteção proposta auxilia os operadores de rede, fornecendo uma faixa de coordenação flexível, juntamente com configurações de proteção mais precisas, para atender aos requisitos de coordenação de proteção. O desempenho do esquema de proteção proposto foi validado por meio de sua implementação em sistemas de teste padronizados IEEE, e uma análise comparativa foi traçada para demonstrar sua eficácia. Além disso, este artigo se concentra no projeto econômico da estratégia de proteção para DNs, utilizando um número menor de dispositivos de proteção. Os resultados mostram que a estratégia proposta reduzirá consideravelmente o número de interrupções temporárias e sustentadas experimentadas pelos consumidores de grandes DNs, melhorando assim os índices de confiabilidade da rede.
},
	file = {PDF:/home/leonardofdsantos/Zotero/storage/32EPE66D/Yousaf et al. - 2022 - An Adaptive Overcurrent Protection Scheme for Dual-Setting Directional Recloser and Fuse Coordinatio.pdf:application/pdf},
}

@inproceedings{moula_analysis_2022,
	address = {Jamshedpur, India},
	title = {Analysis of {Transmission}-line {Faults} and {Auto} {Recloser} {Based} {Protection}},
	copyright = {https://doi.org/10.15223/policy-029},
	isbn = {978-1-6654-6633-2},
	url = {https://ieeexplore.ieee.org/document/9782041/},
	doi = {10.1109/ICRTCST54752.2022.9782041},
	abstract = {There is a need for transmission and distribution to supply high-quality, dependable electricity to customers. The detection of transmission line problems must be more precise, consistent, and thorough in order to achieve acceptable power quality. The first part of the thesis focuses on HV transmission line trip rates and operational defects during the last several years. As shown by the recordings, there are a variety of causes for electrical failures and tripping, including lightning strikes, wind deviation discharge, external force damage, bird catastrophes, covered ice and waving, pollution flashovers, undetermined explanations, and more. The quality of power is affected by problems with transmission and distribution lines. Circuit breakers reclose automatically when a fault occurs because the control circuit is synchronized with the breaker. There is no need for human intervention. When a transitory problem develops at the distribution level of the system, the auto recloser helps to keep the system up and running for a longer period of time. This paper demonstrates a unique structured interconnected structure for fault level and classification approaches for transmission lines, as well as a method for overcoming this technique based on the autoreclosing characteristic of the circuit breaker.},
	language = {en},
	urldate = {2025-04-02},
	booktitle = {2021 4th {International} {Conference} on {Recent} {Trends} in {Computer} {Science} and {Technology} ({ICRTCST})},
	publisher = {IEEE},
	author = {Moula, Sadia Fatema and Tabil Ahammed, Md.},
	month = feb,
	year = {2022},
	pages = {91--95},
	annote = {O artigo aborda a necessidade de transmissão e distribuição para fornecer eletricidade confiável e de alta qualidade aos clientes. A detecção de problemas em linhas de transmissão deve ser mais precisa, consistente e completa, a fim de atingir uma qualidade de energia aceitável. A primeira parte da tese enfoca as taxas de desarme de linhas de transmissão de alta tensão e os defeitos operacionais durante os últimos anos. O artigo demonstra uma nova estrutura interconectada estruturada para abordagens de nível de falta e classificação para linhas de transmissão, bem como um método para superar esta técnica baseado na característica de religamento automático do disjuntor.
},
	file = {PDF:/home/leonardofdsantos/Zotero/storage/UR4T24JR/Moula e Tabil Ahammed - 2022 - Analysis of Transmission-line Faults and Auto Recloser Based Protection.pdf:application/pdf},
}

@inproceedings{ghosh_failure_2021,
	address = {Palermo, Italy},
	title = {Failure {Scenarios} of {Power} {System} {Protection}},
	copyright = {https://ieeexplore.ieee.org/Xplorehelp/downloads/license-information/IEEE.html},
	isbn = {978-1-6654-0049-7},
	url = {https://ieeexplore.ieee.org/document/9660710/},
	doi = {10.1109/ICSRS53853.2021.9660710},
	abstract = {The power system protection plays a decisive role in defending the power system from damages that might be incurred due to faults by fault identification, isolation and clearance. In this work, the power system protection has been analyzed for a transmission line equipped with a phasor measurement unit (PMU)-based auto-recloser. A Petri net (PN) model is used to exemplify the qualitative performance measures of the protection system model through behavioural properties such as conservativeness, reachability, properness, safeness, and boundedness. Thereafter, the PN model developed has been extended for an ideal transmission line protection system to derive failure scenarios in protection system that result due to three of its important components: relay, circuit breaker and auto-recloser device. The failure analysis is necessary for yielding appropriate solutions to failures, improving system design, introducing a new device to aid the system functionality, and aiding the recovery process, which eventually leads to a more reliable system. Therefore the sole aim of this paper is to provide accurate modeling for the failures to alleviate the process of power system protection.},
	language = {en},
	urldate = {2025-04-02},
	booktitle = {2021 5th {International} {Conference} on {System} {Reliability} and {Safety} ({ICSRS})},
	publisher = {IEEE},
	author = {Ghosh, Soumita and Kedarisetty, Siddhardha and Ghosh, Debomita and Mohanta, Dusmanta Kumar},
	month = nov,
	year = {2021},
	pages = {1--5},
	annote = {O artigo analisa a proteção do sistema de energia para uma linha de transmissão equipada com um religador automático baseado em unidade de medição fasorial (PMU). Um modelo de Rede de Petri (PN) é usado para exemplificar as medidas de desempenho qualitativo do modelo do sistema de proteção por meio de propriedades comportamentais, como conservadorismo, alcançabilidade, adequação, segurança e limitação. O modelo PN desenvolvido foi estendido para um sistema ideal de proteção de linha de transmissão para derivar cenários de falha no sistema de proteção que resultam de três de seus componentes importantes: relé, disjuntor e dispositivo de religamento automático.
},
	file = {PDF:/home/leonardofdsantos/Zotero/storage/2D67ZWDZ/Ghosh et al. - 2021 - Failure Scenarios of Power System Protection.pdf:application/pdf},
}

@inproceedings{nikolaidis_optimal_2022,
	address = {Eindhoven, Netherlands},
	title = {Optimal {Recloser}-{Fuse} and {Distribution} {Network} {Protection} {Coordination} including {Distributed} {Generation} {Relays}},
	copyright = {https://doi.org/10.15223/policy-029},
	isbn = {978-1-6654-0557-7},
	url = {https://ieeexplore.ieee.org/document/9898147/},
	doi = {10.1109/SEST53650.2022.9898147},
	abstract = {This paper proposes two different approaches to optimally coordinate overcurrent protection devices in medium voltage distribution systems with distributed generation (DG). The first approach combines linear programming with particle swarm optimization. The second approach combines linear programming with genetic algorithms optimization. The analysis considers two 20 kV radial distribution systems with DG, applying different network protection schemes: (i) solely based on directional overcurrent relays, and (ii) based on a typical recloser-fuse combination. In the first case, optimal coordination between the positive/negative/zero-sequence directional overcurrent elements of the network relays and the voltage-dependent overcurrent elements of the DG unit relays is considered. In the second case, optimal coordination between the latter and the reclosers is achieved, also considering the nonsettable fuse characteristics. The simulation results show that both algorithms are quite robust and give a very low total tripping time for each test system considered.},
	language = {en},
	urldate = {2025-04-02},
	booktitle = {2022 {International} {Conference} on {Smart} {Energy} {Systems} and {Technologies} ({SEST})},
	publisher = {IEEE},
	author = {Nikolaidis, Vassilis C. and Desiniotis, Dimitrios and Papaspiliotopoulos, Vasileios A. and Tsimtsios, Aristotelis M. and Korres, George N.},
	month = sep,
	year = {2022},
	pages = {1--6},
	annote = {Este artigo propõe duas abordagens diferentes para coordenar otimamente dispositivos de proteção contra sobrecorrente em sistemas de distribuição de média tensão com geração distribuída (GD). A primeira abordagem combina programação linear com otimização de enxame de partículas. A segunda abordagem combina programação linear com otimização de algoritmos genéticos. A análise considera dois sistemas de distribuição radial de 20 kV com GD, aplicando diferentes esquemas de proteção de rede: (i) baseados exclusivamente em relés direcionais de sobrecorrente e (ii) baseados em uma combinação típica de religador-fusível.
},
	file = {PDF:/home/leonardofdsantos/Zotero/storage/ZIUWZ2LF/Nikolaidis et al. - 2022 - Optimal Recloser-Fuse and Distribution Network Protection Coordination including Distributed Generat.pdf:application/pdf},
}

@inproceedings{naseh_optimization_2022,
	address = {Zahedan, Iran, Islamic Republic of},
	title = {Optimization of {Recloser}-{Fuse} {Coordination} by {Considering} {Distributed} {Generation} and {FCL}},
	copyright = {https://doi.org/10.15223/policy-029},
	isbn = {978-1-6654-8437-4},
	url = {https://ieeexplore.ieee.org/document/9763264/},
	doi = {10.1109/IPAPS55380.2022.9763264},
	abstract = {The most common protection equipment for distribution networks is a recloser and a fuse. The existence of distributed generation sources affects the short circuit level and disrupts the distribution network's recloser-fuse coordination. Using a fault current limiter in series with distributed generating sources is one solution to this problem. The fault current limiter is employed in this paper to restore recloser-fuse coordination. The system's presence or absence of distributed generation sources is unpredictable, and these unknown factors change the equipment's operation time and disrupt the recloser-fuse synchronization. Constraints connected to diverse types of connection of distributed generating sources in the coordination problem have been considered in this paper to address this issue. The protective equipment settings and the fault current limiter are calculated simultaneously in the proposed technique, coordination between the recloser-fuse would be complete and reduced recloser and fuse operating time and fault current limiter cost. The problem has been solved through the use of an analytical optimization method. The suggested method is used to a sample network to determine the best fault current limiter and protection settings while taking uncertainty into account.},
	language = {en},
	urldate = {2025-04-02},
	booktitle = {2022 {International} {Conference} on {Protection} and {Automation} of {Power} {Systems} ({IPAPS})},
	publisher = {IEEE},
	author = {Naseh, Mojtaba},
	month = jan,
	year = {2022},
	pages = {1--6},
	annote = {O equipamento de proteção mais comum para redes de distribuição é um religador e um fusível. A existência de fontes de geração distribuída afeta o nível de curto-circuito e interrompe a coordenação religador-fusível da rede de distribuição. A utilização de um limitador de corrente de falta em série com fontes de geração distribuída é uma das soluções para este problema. Os ajustes do equipamento de proteção e o limitador de corrente de falta são calculados simultaneamente na técnica proposta, a coordenação entre o religador e o fusível seria completa e o tempo de operação do religador e do fusível e o custo do limitador de corrente de falta seriam reduzidos.
},
	file = {PDF:/home/leonardofdsantos/Zotero/storage/ALGCK8B3/Naseh - 2022 - Optimization of Recloser-Fuse Coordination by Considering Distributed Generation and FCL.pdf:application/pdf},
}

@inproceedings{nesci_recloser_2020,
	address = {Montevideo, Uruguay},
	title = {Recloser – {Fuse} {Coordination} on {Rural} {Feeders} {Having} {Distributed} {Generation} by {Using} {Specific} {Energy}},
	copyright = {https://ieeexplore.ieee.org/Xplorehelp/downloads/license-information/IEEE.html},
	isbn = {978-1-7281-4155-8},
	url = {https://ieeexplore.ieee.org/document/9326175/},
	doi = {10.1109/TDLA47668.2020.9326175},
	abstract = {The integration of Distributed Energy Resources (DER) implies a major challenge for the protection of the distribution network, where the origin of the energy and its direction was known. The DER can change the direction and shape of the fault current, and in the protection system can cause selectivity failures. Particularly, coordination among reclosers, sectionalizers, and fuses is affected, with possible loss of coordination. Selectivity of a typical protection system is studied, using time-current methodology, and the "specific energy versus time" as an additional tool. The advantage of coordination through this methodology is that the protection is immune to fault current variability, allowing coordination between micro-processed devices and fuses. Modeled example is presented using MatLab Simulink, simulating a typical feeders. It is concluded that the incorporation of the specific-energy in the coordination studies, provide a powerful tool allowing the analysis of the coexistence of modern micro-processed protections with traditional ones.},
	language = {en},
	urldate = {2025-04-02},
	booktitle = {2020 {IEEE} {PES} {Transmission} \& {Distribution} {Conference} and {Exhibition} - {Latin} {America} ({T}\&{D} {LA})},
	publisher = {IEEE},
	author = {Nesci, Sebastian and Gomez, Juan Carlos and Sanchez, Leonardo and Rovere, Hernan},
	month = sep,
	year = {2020},
	pages = {1--6},
	annote = {A integração de Recursos de Energia Distribuída (DER) implica um grande desafio para a proteção da rede de distribuição, onde a origem da energia e sua direção eram conhecidas. O DER pode mudar a direção e a forma da corrente de falta, e no sistema de proteção pode causar falhas de seletividade. A seletividade de um sistema de proteção típico é estudada, utilizando a metodologia tempo-corrente, e a "energia específica versus tempo" como ferramenta adicional.
},
	file = {PDF:/home/leonardofdsantos/Zotero/storage/YTJBT7GC/Nesci et al. - 2020 - Recloser – Fuse Coordination on Rural Feeders Having Distributed Generation by Using Specific Energy.pdf:application/pdf},
}

@inproceedings{gaitan_cubides_stability_2022-1,
	address = {La Paz, Bolivia},
	title = {Stability {Analysis} in a {Colombian} {Non}-{Interconnected} {Zone} with {BESS} and {PV} {Systems} in {Different} {Locations} of a {Recloser} as {Main} {Protection}},
	copyright = {https://doi.org/10.15223/policy-029},
	isbn = {979-8-3503-4605-3},
	url = {https://ieeexplore.ieee.org/document/10037784/},
	doi = {10.1109/IEEEPESGTDLatinAmeri53482.2022.10037784},
	abstract = {Various areas of Colombia meet their energy needs from the generation of electricity with Diesel generators since they are not connected to the National Interconnected System (SIN for its acronym in Spanish). In some of these areas, generation systems have been installed from unconventional sources, whose characteristics make them ideal power systems to propose and evaluate different protection strategies and schemes. Due to the importance of maintaining the electrical service in these populations, in this work the installation of a recloser in different parts of the system is proposed to increase the reliability of the network in the event of failures in different parts of the distribution system and its stability is evaluated in the same way with the operation of these devices through RMS simulations.},
	language = {en},
	urldate = {2025-04-02},
	booktitle = {2022 {IEEE} {PES} {Generation}, {Transmission} and {Distribution} {Conference} and {Exposition} – {Latin} {America} ({IEEE} {PES} {GTD} {Latin} {America})},
	publisher = {IEEE},
	author = {Gaitan Cubides, Luis Felipe and Gomez Ariza, Juan David and Zapata Giraldo, Luis Alberto and De Jesus Jaramillo Serna, Jose and Gonzalez Sanchez, Jorge Wilson},
	month = oct,
	year = {2022},
	pages = {1--6},
	annote = {Várias áreas da Colômbia atendem às suas necessidades energéticas com a geração de eletricidade com geradores a diesel, pois não estão conectadas ao Sistema Interligado Nacional (SIN). Em algumas dessas áreas, foram instalados sistemas de geração de fontes não convencionais, cujas características os tornam sistemas de energia ideais para propor e avaliar diferentes estratégias e esquemas de proteção. Devido à importância de manter o serviço elétrico nessas populações, neste trabalho é proposta a instalação de um religador em diferentes partes do sistema para aumentar a confiabilidade da rede em caso de falhas em diferentes partes do sistema de distribuição e sua estabilidade é avaliada da mesma forma com a operação desses dispositivos por meio de simulações RMS.
},
	file = {PDF:/home/leonardofdsantos/Zotero/storage/XC74X9ZY/Gaitan Cubides et al. - 2022 - Stability Analysis in a Colombian Non-Interconnected Zone with BESS and PV Systems in Different Loca.pdf:application/pdf},
}

@inproceedings{fazaeli_impact_2022,
	address = {Zahedan, Iran, Islamic Republic of},
	title = {The {Impact} of a {Distributed} {Generation} and {Electric}-{Vehicle} {Parking} on the {Coordination} of the {Fuse}-{Recloser}},
	copyright = {https://doi.org/10.15223/policy-029},
	isbn = {978-1-6654-8437-4},
	url = {https://ieeexplore.ieee.org/document/9763251/},
	doi = {10.1109/IPAPS55380.2022.9763251},
	abstract = {A recloser fuse protection system is one of the most effective methods of protecting distribution systems. Typically, these protection strategies are developed prior to the entry of distributed resources into the distribution system. On the other hand, distributed resource usage in distribution systems affects the magnitude and direction of fault currents. These modifications may cause a breakdown in the coordination of recloser fuse protection schemes. The purpose of this work is to develop a new indicator for examining the effect of distributed source injection current on recloser fuse coordination disruption. The new index evaluates the effect of dispersed resources on the system's overall performance on the basis of network protection. To evaluate the suggested method's efficiency and performance, an IEEE 33-bus test system was employed, and the influence of distributed sources on the fuse-recloser protection of this system was evaluated under various scenarios.},
	language = {en},
	urldate = {2025-04-02},
	booktitle = {2022 {International} {Conference} on {Protection} and {Automation} of {Power} {Systems} ({IPAPS})},
	publisher = {IEEE},
	author = {Fazaeli, Mohammad Hosein and Keramat, Mohammad Mostafa and Alipour, Hashem},
	month = jan,
	year = {2022},
	pages = {1--10},
	annote = {Um sistema de proteção religador de fusíveis é um dos métodos mais eficazes de proteção de sistemas de distribuição. Normalmente, essas estratégias de proteção são desenvolvidas antes da entrada de recursos distribuídos no sistema de distribuição. Por outro lado, o uso de recursos distribuídos em sistemas de distribuição afeta a magnitude e a direção das correntes de falta. Essas modificações podem causar uma quebra na coordenação dos esquemas de proteção religador de fusíveis.
},
	file = {PDF:/home/leonardofdsantos/Zotero/storage/YFASJ79I/Fazaeli et al. - 2022 - The Impact of a Distributed Generation and Electric-Vehicle Parking on the Coordination of the Fuse-.pdf:application/pdf},
}

@inproceedings{pachanapan_centralised_2023,
	address = {Chiang Mai, Thailand},
	title = {A {Centralised} {Fault} {Location}, {Isolation}, and {Service} {Restoration} {Approach} for {Rural} {Microgrid} {System} using {Reclosers} and {Sectionalizers}},
	copyright = {https://doi.org/10.15223/policy-029},
	isbn = {979-8-3503-1809-8},
	url = {https://ieeexplore.ieee.org/document/10561969/},
	doi = {10.1109/APPEEC57400.2023.10561969},
	abstract = {The automated fault location, isolation, and service restoration (FLISR) solution for the radial distribution network with distribution generation (DG), based on a centralized control structure, is proposed in this paper. This FLISR technique allows for enhanced coordination of reclosers and sectionalizers already present for protection or sectionalization purposes on the distribution network. The number of trip counters of reclosers and sectionalizers during the fault is used to identify the fault location. After locating a fault segment, the FLISR central controller will send the command to specific sectionalizers to isolate the fault from the other parts. The DG can be re-connected to operate in either grid-connected or island mode to support the service restoration process. The decision to reconnect the DG depends on the switch statuses after the fault is isolated. The purposed FLISR method is applied in the rural micro grid system consisting of a radial distribution network with a small-scale synchronous generator. The test system includes two reclosers and four sectionalizers which all of them can communicate with the FLISR central controller. The performances of automated FLISR operation in various fault locations are investigated using RMSsimulation on DIgSILENT PowerFactory software. The results show that using the information from trip counters and switch status, the rural microgrid system can effectively perform the FLISR process, improving network reliability.},
	language = {en},
	urldate = {2025-04-02},
	booktitle = {2023 {IEEE} {PES} 15th {Asia}-{Pacific} {Power} and {Energy} {Engineering} {Conference} ({APPEEC})},
	publisher = {IEEE},
	author = {Pachanapan, Piyadanai and Supannon, Autthaporn},
	month = dec,
	year = {2023},
	pages = {1--6},
	annote = {Este artigo apresenta uma solução automatizada para localização, isolamento e restauração de serviços (FLISR) em redes de distribuição radiais com geração distribuída (GD). A técnica FLISR proposta utiliza contadores de disparo de religadores e seccionalizadores para identificar a localização de faltas. Um controlador centralizado envia comandos para isolar o segmento defeituoso e reconectar a GD para restaurar o serviço. O método FLISR foi testado em um sistema de microgrid rural, demonstrando melhorias na confiabilidade da rede.
},
	file = {PDF:/home/leonardofdsantos/Zotero/storage/85LF5E4H/Pachanapan e Supannon - 2023 - A Centralised Fault Location, Isolation, and Service Restoration Approach for Rural Microgrid System.pdf:application/pdf},
}

@inproceedings{moustafa_coordinated_2020,
	address = {Kyiv, Ukraine},
	title = {A {Coordinated} {Recloser}-{Fusesaver} {Method} for {Reliability} {Enhancement} of {Distribution} {Networks}},
	copyright = {https://ieeexplore.ieee.org/Xplorehelp/downloads/license-information/IEEE.html},
	isbn = {978-1-7281-9787-6},
	url = {https://ieeexplore.ieee.org/document/9160036/},
	doi = {10.1109/ESS50319.2020.9160036},
	abstract = {Medium voltage distribution networks lack the adequate capability of being remotely monitored, controlled and having smart response due to their traditional and low-level automated protection devices. This paper assesses the reliability and performance improvement in medium voltage distribution networks after increasing the system automation by applying the fusesaver device on lateral line coordinated with the recloser device on the main feeder line. All nowadays applied advanced devices and previous solution scenarios are discussed and summarized through a critical literature review. The detailed methodology for the fusesaver coordinated implementation is explained. The evaluation can be achieved by calculating in a historical way the most common distribution system reliability indices, then a comparison between the case study results before and after fusesaver installation is presented. As a result, an enormous reduction occurred in outage frequency and duration, and the number of affected customers. Moreover, online monitoring of the line helped in estimating fault location and giving precise control decisions.},
	language = {en},
	urldate = {2025-04-02},
	booktitle = {2020 {IEEE} 7th {International} {Conference} on {Energy} {Smart} {Systems} ({ESS})},
	publisher = {IEEE},
	author = {Moustafa, Yara Hassan and Abou Ghazala, Amr Yehia and Abbasy, Nabil H.},
	month = may,
	year = {2020},
	pages = {176--181},
	annote = {Este artigo aborda a falta de monitoramento remoto adequado e controle em redes de distribuição de média tensão, propondo uma solução para melhorar a confiabilidade e o desempenho dessas redes. A solução envolve a aplicação de um dispositivo fusesaver em uma linha lateral, coordenado com um dispositivo religador na linha alimentadora principal. A eficácia da solução é avaliada calculando os índices de confiabilidade do sistema de distribuição antes e depois da instalação do fusesaver. Os resultados demonstram uma redução significativa na frequência e duração das interrupções, bem como no número de clientes afetados, juntamente com melhorias no monitoramento online da linha.
},
	file = {PDF:/home/leonardofdsantos/Zotero/storage/CNW4Y2FI/Moustafa et al. - 2020 - A Coordinated Recloser-Fusesaver Method for Reliability Enhancement of Distribution Networks.pdf:application/pdf},
}

@inproceedings{moula_analysis_2022-1,
	address = {Jamshedpur, India},
	title = {Analysis of {Transmission}-line {Faults} and {Auto} {Recloser} {Based} {Protection}},
	copyright = {https://doi.org/10.15223/policy-029},
	isbn = {978-1-6654-6633-2},
	url = {https://ieeexplore.ieee.org/document/9782041/},
	doi = {10.1109/ICRTCST54752.2022.9782041},
	abstract = {There is a need for transmission and distribution to supply high-quality, dependable electricity to customers. The detection of transmission line problems must be more precise, consistent, and thorough in order to achieve acceptable power quality. The first part of the thesis focuses on HV transmission line trip rates and operational defects during the last several years. As shown by the recordings, there are a variety of causes for electrical failures and tripping, including lightning strikes, wind deviation discharge, external force damage, bird catastrophes, covered ice and waving, pollution flashovers, undetermined explanations, and more. The quality of power is affected by problems with transmission and distribution lines. Circuit breakers reclose automatically when a fault occurs because the control circuit is synchronized with the breaker. There is no need for human intervention. When a transitory problem develops at the distribution level of the system, the auto recloser helps to keep the system up and running for a longer period of time. This paper demonstrates a unique structured interconnected structure for fault level and classification approaches for transmission lines, as well as a method for overcoming this technique based on the autoreclosing characteristic of the circuit breaker.},
	language = {en},
	urldate = {2025-04-02},
	booktitle = {2021 4th {International} {Conference} on {Recent} {Trends} in {Computer} {Science} and {Technology} ({ICRTCST})},
	publisher = {IEEE},
	author = {Moula, Sadia Fatema and Tabil Ahammed, Md.},
	month = feb,
	year = {2022},
	pages = {91--95},
	annote = {Este artigo trata da necessidade de fornecer eletricidade confiável e de alta qualidade aos clientes por meio de transmissão e distribuição. Ele aborda a importância da detecção precisa e consistente de problemas em linhas de transmissão para garantir uma qualidade de energia aceitável. O artigo propõe uma estrutura interconectada para abordar os níveis de falta e classificação em linhas de transmissão, utilizando o recurso de auto-religamento de disjuntores como método de solução. O uso de auto-religadores ajuda a manter o sistema operacional por mais tempo, especialmente em faltas transientes no nível de distribuição.
},
	file = {PDF:/home/leonardofdsantos/Zotero/storage/3RKTMD54/Moula e Tabil Ahammed - 2022 - Analysis of Transmission-line Faults and Auto Recloser Based Protection.pdf:application/pdf},
}

@inproceedings{benner_application_2017,
	address = {Columbus, OH, USA},
	title = {Application of {DFA} {Technology} for {Improved} {Reliability} and {Operations}},
	isbn = {978-1-5090-5832-7},
	url = {http://ieeexplore.ieee.org/document/7967008/},
	doi = {10.1109/REPC.2017.11},
	language = {en},
	urldate = {2025-04-02},
	booktitle = {2017 {IEEE} {Rural} {Electric} {Power} {Conference} ({REPC})},
	publisher = {IEEE},
	author = {Benner, Carl L. and Peterson, Robert A. and Russell, B. Don},
	month = apr,
	year = {2017},
	pages = {44--51},
	annote = {ste artigo apresenta a tecnologia DFA (Distribution Fault Anticipation), desenvolvida pela Texas A\&M Engineering em colaboração com o EPRI e a indústria de serviços públicos, para melhorar a visibilidade operacional e a consciência de eventos em circuitos de distribuição. A tecnologia DFA monitora continuamente as formas de onda de corrente e tensão e detecta anomalias para inferir eventos no circuito, como faltas e falhas incipientes. A DFA fornece informações acionáveis e ajuda a diagnosticar sintomas vagos e reclamações, sem exigir comunicação com outros dispositivos na subestação. Os resultados de uma demonstração de campo da DFA em várias concessionárias de energia elétrica mostram que a tecnologia pode melhorar a confiabilidade e as operações da rede de distribuição.
},
	file = {PDF:/home/leonardofdsantos/Zotero/storage/CI3VLG32/Benner et al. - 2017 - Application of DFA Technology for Improved Reliability and Operations.pdf:application/pdf},
}

@inproceedings{caldeira_application_2017,
	address = {Oulu, Finland},
	title = {Application of {LTE} 450 {MHz} in the electric energy sector},
	isbn = {978-1-5386-3873-6},
	url = {http://ieeexplore.ieee.org/document/7980770/},
	doi = {10.1109/EuCNC.2017.7980770},
	abstract = {The existing electric grid system in Brazil is facing many challenges and this encourages the roll out of smart grid systems to reinforce the existing grid system. In this context, energy companies are seeking for solutions and applications to grow and expand their network improving reliability and coverage. One of the key technologies of smart grid is a two-way communication between smart grid components. Considering that wireless communication outperforms wired communication, it becomes a good option to provide connectivity to smart grid system that covers a wide range of geographical areas. This article presents a successful application of LTE 450 MHz in electric energy sector, which allows remote control of reclosers in an electric distribution network, thus giving a faster fault diagnosis, recovery and maintenance of faulty electric circuits. In comparison to similar solutions, LTE 450 MHz provided a reliable coverage beyond 40 km range.},
	language = {en},
	urldate = {2025-04-02},
	booktitle = {2017 {European} {Conference} on {Networks} and {Communications} ({EuCNC})},
	publisher = {IEEE},
	author = {Caldeira, Ricardo T. and Melgarejo, Dick C. and Coutinho, Renato},
	month = jun,
	year = {2017},
	pages = {1--5},
	annote = {Este artigo apresenta uma aplicação bem-sucedida do LTE de 450 MHz no setor de energia elétrica, permitindo o controle remoto de religadores em uma rede de distribuição elétrica. A aplicação fornece um diagnóstico, recuperação e manutenção mais rápidos de circuitos elétricos defeituosos. Em comparação com soluções semelhantes, o LTE de 450 MHz forneceu uma cobertura confiável além do alcance de 40 km.
},
	file = {PDF:/home/leonardofdsantos/Zotero/storage/5HD9Y3Y5/Caldeira et al. - 2017 - Application of LTE 450 MHz in the electric energy sector.pdf:application/pdf},
}

@inproceedings{fowler_apply_2019,
	address = {Bloomington, MN, USA},
	title = {Apply a {Wireless} {Line} {Sensor} {System} to {Enhance} {Distribution} {Protection} {Schemes}},
	copyright = {https://ieeexplore.ieee.org/Xplorehelp/downloads/license-information/IEEE.html},
	isbn = {978-1-7281-1962-5},
	url = {https://ieeexplore.ieee.org/document/8783065/},
	doi = {10.1109/REPC.2019.00024},
	abstract = {Traditionally, utility crews have used faulted circuit indicators (FCIs) to locate faulted line sections. FCIs monitor current and provide a local visual indication of recent fault activity. When a fault occurs, the FCIs operate, triggering a visual indication that is either a mechanical target (flag) or LED. There are also enhanced FCIs with communications capability, providing fault status to the outage management system (OMS) or supervisory control and data acquisition (SCADA) system. Such quickly communicated information results in faster service restoration and reduced outage times.},
	language = {en},
	urldate = {2025-04-02},
	booktitle = {2019 {IEEE} {Rural} {Electric} {Power} {Conference} ({REPC})},
	publisher = {IEEE},
	author = {Fowler, Jakob and Achanta, Shankar V. and Hao, Kei and Keckalo, David},
	month = apr,
	year = {2019},
	pages = {92--103},
	annote = {Este artigo trata da aplicação de um sistema de sensor de linha sem fio (WPS) para aprimorar esquemas de proteção de distribuição. O sistema WPS utiliza sensores sem fio para fornecer informações de falta para dispositivos de proteção, como controles de religadores, em velocidades de proteção. Os dispositivos de proteção usam essas informações para acelerar a operação e melhorar a seletividade dos esquemas de proteção de distribuição, além de localizar seções de linha defeituosas. O artigo descreve os componentes de um sistema WPS, sua integração com dispositivos de proteção e como as informações de falta são transmitidas para esses dispositivos
},
	file = {PDF:/home/leonardofdsantos/Zotero/storage/BXVB7CR9/Fowler et al. - 2019 - Apply a Wireless Line Sensor System to Enhance Distribution Protection Schemes.pdf:application/pdf},
}

@inproceedings{santos_aspects_2023,
	address = {Orlando, FL, USA},
	title = {Aspects of the {Implementation} of a {Pilot} {Microgrid} in a {Rural} {Brazilian} {Distribution} {System}},
	copyright = {https://doi.org/10.15223/policy-029},
	isbn = {978-1-6654-6441-3},
	url = {https://ieeexplore.ieee.org/document/10253122/},
	doi = {10.1109/PESGM52003.2023.10253122},
	urldate = {2025-04-02},
	booktitle = {2023 {IEEE} {Power} \& {Energy} {Society} {General} {Meeting} ({PESGM})},
	publisher = {IEEE},
	author = {Santos, Felipe Crestani Dos and Justino, Guilherme Louro and Meneghetti, Rogerio and Santos, Rodrigo Braun Dos and Grilo-Pavani, Ahda and Ramos, Rodrigo Andrade},
	month = jul,
	year = {2023},
	pages = {1--5},
	annote = {Este artigo apresenta aspectos importantes da implementação de uma microrrede real aplicada a um sistema de distribuição rural brasileiro. A microrrede piloto foi a primeira autorizada a operar tanto no modo conectado quanto no modo isolado no Brasil, sendo a operação isolada sua principal novidade. A microrrede é composta por cerca de 7 km de cabos de distribuição de nível primário (34,5 kV), garantindo o fornecimento de energia a quatro consumidores externos por uma unidade de Geração Distribuída de biogás durante as interrupções de energia. Foi construída sobre um sistema de distribuição pré-existente e seu arranjo de controle utiliza equipamentos já instalados na rede original (como religadores, controladores de grupo gerador e relés de proteção). O artigo cobre o projeto completo, abrangendo projeto, simulação em tempo real, implementação e monitoramento de campo dos dados da microrrede.
},
	file = {PDF:/home/leonardofdsantos/Zotero/storage/KK55V8UI/Santos et al. - 2023 - Aspects of the Implementation of a Pilot Microgrid in a Rural Brazilian Distribution System.pdf:application/pdf},
}

@inproceedings{yalla_design_2017,
	address = {Columbus, OH, USA},
	title = {Design of a {New} {Operating} {Mode} for {Voltage} {Regulator} {Controls} in a {Smart} {Distribution} {System}},
	isbn = {978-1-5090-5832-7},
	url = {http://ieeexplore.ieee.org/document/7967007/},
	doi = {10.1109/REPC.2017.13},
	urldate = {2025-04-02},
	booktitle = {2017 {IEEE} {Rural} {Electric} {Power} {Conference} ({REPC})},
	publisher = {IEEE},
	author = {Yalla, Murty V. V. S.},
	month = apr,
	year = {2017},
	pages = {38--43},
	annote = {Este artigo apresenta um novo modo de operação para controles de reguladores de tensão em sistemas de distribuição inteligentes. O modo de operação é importante quando a potência flui do lado da carga para o lado da fonte (potência reversa) do regulador de tensão, pois tensões perigosamente altas ou baixas podem resultar do modo de operação errado. O artigo propõe um método pelo qual o modo de operação pode ser selecionado com base na tensão delta medida durante uma operação de comutação de derivação localmente, sem a necessidade de comunicações de interruptores/religadores ou fontes de geração distribuída.
},
	file = {PDF:/home/leonardofdsantos/Zotero/storage/MARZJCJG/Yalla - 2017 - Design of a New Operating Mode for Voltage Regulator Controls in a Smart Distribution System.pdf:application/pdf},
}

@inproceedings{velaga_evaluation_2021,
	address = {Savannah, GA, USA},
	title = {Evaluation of {Centralized} {Model} based {FLISR} in a {Lab} {Setup}},
	copyright = {https://ieeexplore.ieee.org/Xplorehelp/downloads/license-information/IEEE.html},
	isbn = {978-1-6654-3422-5},
	url = {https://ieeexplore.ieee.org/document/9458588/},
	doi = {10.1109/REPC48665.2021.00015},
	abstract = {Utilities are installing advanced distribution management systems (ADMS) around the globe to improve the sensing and control of distribution systems. ADMS is becoming a critical component to improve the resiliency and reliability of distribution systems. These management systems host a multitude of applications that can be used to sense, control, and operate distribution systems. Fault location, isolation, and service restoration (FLISR) is one of the ADMS applications that is critical to improving resilience during fault conditions. FLISR applications use smart, controllable devices that are installed in the distribution system for FLISR operation. These controllable devices include distributed energy resources (DER) and reclosers. Evaluating such ADMS applications before installation in the ﬁeld can help de-risk the ﬁeld implementation and avoid costly failures in the ﬁeld. This paper presents a background on experimental setup that are typically used to evaluate ADMS applications. This is followed by brieﬂy presenting the setup used to evaluate the FLISR application in an off-the-shelf ADMS tool. Finally, results from the evaluation experiments are presented.},
	language = {en},
	urldate = {2025-04-02},
	booktitle = {2021 {IEEE} {Rural} {Electric} {Power} {Conference} ({REPC})},
	publisher = {IEEE},
	author = {Velaga, Yaswanth Nag and Prabakar, Kumaraguru and Baggu, Murali and Schneider, Kevin P.},
	month = apr,
	year = {2021},
	pages = {8--14},
	annote = {Este artigo apresenta uma configuração experimental usada para avaliar o aplicativo FLISR em uma ferramenta ADMS comercial. Ele também apresenta os resultados dos experimentos de avaliação. A avaliação de aplicativos ADMS antes da instalação no campo pode ajudar a eliminar o risco da implementação no campo e evitar falhas dispendiosas no campo.
},
	file = {PDF:/home/leonardofdsantos/Zotero/storage/RP43U3CK/Velaga et al. - 2021 - Evaluation of Centralized Model based FLISR in a Lab Setup.pdf:application/pdf},
}

@inproceedings{costa_fault_2015,
	address = {Asheville, NC},
	title = {Fault {Hunting} {Using} {Three}-{Phase} {Reclosers}},
	isbn = {978-1-4799-7555-6 978-1-4799-7557-0},
	url = {https://ieeexplore.ieee.org/document/7106306/},
	doi = {10.1109/REPC.2015.19},
	abstract = {Distribution Protection Engineers responsibilities include grid reliability improvements such as the addition of new sectionalizing devices and time-current curve (TCC) coordination. Sub-sectionalizing of the distribution feeder improves reliability as it minimizes the number of customers impacted by a fault. Today, there are many methods to further sub-sectionalize distribution feeders with or without TCC coordination studies. This paper presents a pilot program using a new “Smart Switch” in a loop scheme application that combines the benefits of sectionalizing/switch- and recloserbased systems, without the need for an extensive TCC study. The application illustrates various scenarios that hunt and isolate the faulted areas, all without impacting any TCC coordination settings on existing devices.},
	language = {en},
	urldate = {2025-04-02},
	booktitle = {2015 {IEEE} {Rural} {Electric} {Power} {Conference}},
	publisher = {IEEE},
	author = {Costa, Michael and Josken, Jerome V. and Walder, Dennis A.},
	month = apr,
	year = {2015},
	pages = {17--21},
	annote = {O documento trata de um programa piloto que utiliza um novo "Smart Switch" em uma aplicação de esquema de loop que combina os benefícios dos sistemas de seccionamento/chaveamento e religador, sem a necessidade de um extenso estudo de coordenação de curva de tempo-corrente (TCC). A aplicação ilustra vários cenários que rastreiam e isolam as áreas com defeito, tudo sem afetar as configurações de coordenação TCC em dispositivos existentes.
},
	file = {PDF:/home/leonardofdsantos/Zotero/storage/QL7VNWLP/Costa et al. - 2015 - Fault Hunting Using Three-Phase Reclosers.pdf:application/pdf},
}

@inproceedings{der_linde_fire_2019,
	address = {Nadi, Fiji},
	title = {Fire {Risk} {Mitigation} in the {Overhead} {Electricity} {Distribution} {Network}},
	copyright = {https://ieeexplore.ieee.org/Xplorehelp/downloads/license-information/IEEE.html},
	isbn = {978-1-7281-5043-7},
	url = {https://ieeexplore.ieee.org/document/9084515/},
	doi = {10.1109/AUPEC48547.2019.211806},
	abstract = {Overhead electricity distribution carries an inherent risk of fire start. Driven by network performance legislation in the wake of the 2009 Black Saturday Bushfires in Australia, a substantial body of research and practical experience has been gained in understanding and mitigating fire risk in overhead networks.},
	language = {en},
	urldate = {2025-04-02},
	booktitle = {2019 29th {Australasian} {Universities} {Power} {Engineering} {Conference} ({AUPEC})},
	publisher = {IEEE},
	author = {Der Linde, Martin Van},
	month = nov,
	year = {2019},
	pages = {1--6},
	annote = {O documento trata de métodos para mitigar o risco de incêndio em redes de distribuição elétrica aéreas. Ele explora cenários de início de incêndio por etapas e aborda várias técnicas de proteção contra esses cenários. Ele também discute a aplicabilidade de religadores automáticos e o comportamento de religamento em relação à mitigação de incêndios. O documento conclui que os religadores com capacidade de 500mA SEF podem mitigar o risco de incêndio e que o tempo de religamento de 5 segundos ou menos está associado a um maior risco de incêndio.
},
	file = {PDF:/home/leonardofdsantos/Zotero/storage/5IAZ2DZZ/Der Linde - 2019 - Fire Risk Mitigation in the Overhead Electricity Distribution Network.pdf:application/pdf},
}

@inproceedings{wright_mitigation_2015,
	address = {Asheville, NC, USA},
	title = {Mitigation of {Undesired} {Operation} of {Recloser} {Controls} {Due} to {Distribution} {Line} {Inrush}},
	isbn = {978-1-4799-7555-6 978-1-4799-7557-0},
	url = {http://ieeexplore.ieee.org/document/7106310/},
	doi = {10.1109/REPC.2015.20},
	abstract = {Mid-Carolina Electric Cooperative (MCEC) replaced their hydraulic reclosers with solid dielectric reclosers and microprocessor-based recloser controls as part of a program to modernize their distribution system. MCEC was having problems with hydraulic reclosers, including excess maintenance costs and poor repeatability of the timeovercurrent trip characteristic. As part of the replacement, they expected to solve these problems as well as reap the anticipated benefits of adding microprocessor-based relaying, including event reports, sequence of events recording, metering, and communication. What they did not expect to encounter was that, although the settings were the same as those used previously, several of the reclosers tripped on the fast curve due to inrush conditions. Adding the microprocessor-based relays made MCEC aware of this problem, which presumably existed all along. MCEC did not have the capability to detect the problem previously. After this discovery, MCEC engineers gathered event reports to allow them to characterize the inrush. This paper discusses those inrush events and ways to overcome undesired tripping on distribution feeders on inrush conditions using both settings changes and second-harmonic blocking.},
	language = {en},
	urldate = {2025-04-02},
	booktitle = {2015 {IEEE} {Rural} {Electric} {Power} {Conference}},
	publisher = {IEEE},
	author = {Wright, Larry and Ayers, Lee},
	month = apr,
	year = {2015},
	pages = {55--63},
	annote = {O documento trata da substituição de religadores hidráulicos por religadores de dielétrico sólido e controles de religadores baseados em microprocessador em uma cooperativa de energia elétrica. A cooperativa teve problemas com os religadores hidráulicos, incluindo custos excessivos de manutenção e baixa repetibilidade da característica de disparo de tempo-sobrecorrente. A substituição tinha como objetivo resolver esses problemas e obter os benefícios previstos da adição de relés baseados em microprocessador, incluindo relatórios de eventos, registro de sequência de eventos, medição e comunicação. O documento discute os eventos de irrupção e as maneiras de evitar o disparo indesejado em alimentadores de distribuição em condições de irrupção, usando alterações de configurações e bloqueio de segunda harmônica.
},
	file = {PDF:/home/leonardofdsantos/Zotero/storage/9TBSM3XE/Wright e Ayers - 2015 - Mitigation of Undesired Operation of Recloser Controls Due to Distribution Line Inrush.pdf:application/pdf},
}

@inproceedings{ashagire_modeling_2019,
	address = {Lviv, Ukraine},
	title = {Modeling and {Simulation} of {Impedance} {Distance} {Relay} for {Fault} {Location} and {Protection} of {Single} {Wire} {Earth} {Return} {Line}},
	copyright = {https://ieeexplore.ieee.org/Xplorehelp/downloads/license-information/IEEE.html},
	isbn = {978-1-7281-3882-4},
	url = {https://ieeexplore.ieee.org/document/8879842/},
	doi = {10.1109/UKRCON.2019.8879842},
	abstract = {Different technologies and resources are utilized to provide electricity access for the rural population around the world. Single wire earth return (SWER) line gets prominent attention around the globe to electrify low load profile customers and remote load like telecom base stations by extending from the nearby medium grid. SWER distribution system is designed by tapping from medium voltage distribution line using an isolation transformer. Unlike other distribution systems, the secondary side of a transformer has an only single line with dedicated perfect grounding system. SWER lines are considered as a cost-effective solution, compared to the threephase grid extension by electric utility companies. Since line route is mostly in rural areas with different geographical topologies, natural and human-made faults are inevitable scenarios on the line. According to a preference of utilities and geographical locations, SWER lines are equipped with overcurrent relay, surge arrestors or reclosers to isolate faulty line during the fault. The two main challenges on SWER line protection are to back up existing overcurrent protection relay when it fails to clear the fault and to locate the location of fault for line maintenance. Technicians patrol up to hundreds of km along SWER line to locate a fault. This activity will be inefficient and time-consuming way of locating the fault. In this paper, we model and simulate the impedance distance relay to back up existing protection system and locate the fault. Our model successfully backs up definite time overcurrent (DTOC) relay for a single line to ground (SLG) faults across the line. Consequently, fault locator-block locates the faulty line position.},
	language = {en},
	urldate = {2025-04-02},
	booktitle = {2019 {IEEE} 2nd {Ukraine} {Conference} on {Electrical} and {Computer} {Engineering} ({UKRCON})},
	publisher = {IEEE},
	author = {Ashagire, Amare A. and Adjallah, Kondo H. and Bekele, Getachew},
	month = jul,
	year = {2019},
	pages = {1196--1200},
	annote = {O artigo trata da modelagem e simulação de relé de distância de impedância para localização e proteção de faltas de linha de retorno de terra de fio único (SWER). As linhas SWER são vulneráveis a falhas naturais e causadas pelo homem, e os métodos tradicionais de localização de falhas são ineficientes e demorados. O relé de distância de impedância é modelado para fornecer proteção de backup para o relé de sobrecorrente de tempo definido (DTOC) e localizar a posição da falta. O modelo proposto faz backup com sucesso do relé DTOC para faltas de linha única para terra (SLG) em toda a linha e o localizador de faltas localiza a posição da linha defeituosa.
},
	file = {PDF:/home/leonardofdsantos/Zotero/storage/N3ABP4N5/Ashagire et al. - 2019 - Modeling and Simulation of Impedance Distance Relay for Fault Location and Protection of Single Wire.pdf:application/pdf},
}

@article{durham_oilfield_2015,
	title = {Oilfield {Electric} {Power} {Distribution}},
	volume = {51},
	copyright = {https://ieeexplore.ieee.org/Xplorehelp/downloads/license-information/IEEE.html},
	issn = {0093-9994, 1939-9367},
	url = {http://ieeexplore.ieee.org/document/7005442/},
	doi = {10.1109/TIA.2015.2388858},
	abstract = {The uniqueness of power system designs for oilﬁeld distribution is seldom acknowledged or addressed. Utilities provide construction typical of either commercial or rural applications. Oilﬁelds commonly have large concentrated loads separated by thousands of feet. To minimize line losses, medium-voltage power is distributed and stepped down at the point of use. In addition to common load ﬂow analysis and protection coordination, transformers, surge arresters, and grounding connections are important considerations for reliable production operations. Recloser settings typical for residential distribution cause major damage to submersible pumps. In remote areas where long neutral wires are necessary, solidly grounded power contributes to equipment failure but is nevertheless necessary for safety in surface equipment. The corner-grounded delta connection eliminates the neutral wire and is often used by rural utilities, despite its dangers. High-voltage three-wire construction can cause ferroresonance. Grounding inﬂuences the effectiveness of lightning and switching surge protection.},
	language = {en},
	number = {4},
	urldate = {2025-04-02},
	journal = {IEEE Transactions on Industry Applications},
	author = {Durham, Robert A. and Brinner, Thomas R.},
	month = jul,
	year = {2015},
	pages = {3532--3547},
	annote = {O documento trata do projeto de sistemas de energia para operações de produção de petróleo e gás. Ele explora as diferenças entre as distribuições de energia para campos de petróleo e as aplicações comerciais ou rurais. Ele também aborda a importância da análise de fluxo de carga, coordenação de proteção, aterramento e qualidade de energia em projetos de distribuição de campos de petróleo.
},
	file = {PDF:/home/leonardofdsantos/Zotero/storage/YVSWRS8F/Durham e Brinner - 2015 - Oilfield Electric Power Distribution.pdf:application/pdf},
}

@inproceedings{zellmer_overcoming_2018,
	address = {Memphis, TN},
	title = {Overcoming {Cultural} {Challenges} to {Distribution} {Automation}},
	isbn = {978-1-5386-4172-9},
	url = {https://ieeexplore.ieee.org/document/8416169/},
	doi = {10.1109/REPC.2018.00011},
	abstract = {Adding distribution automation for the first time to a utility’s distribution system may seem like a daunting technical task; and it is. However, the larger piece of installing a system involves cultural change in a utility’s workforce.},
	language = {en},
	urldate = {2025-04-02},
	booktitle = {2018 {IEEE} {Rural} {Electric} {Power} {Conference} ({REPC})},
	publisher = {IEEE},
	author = {Zellmer, Jesse},
	month = may,
	year = {2018},
	pages = {8--12},
	annote = {O documento trata dos desafios culturais de adicionar automação de distribuição ao sistema de distribuição de uma concessionária. Ele revisa um projeto de automação de distribuição em uma concessionária rural no norte de Wisconsin e discute as dificuldades encontradas ao retreinar o pessoal e construir uma cultura diferente. O documento também analisa as mudanças necessárias nas funções operacionais, como problemas de jurisdição sindical, zonas jurisdicionais, responsabilidades de tarefas do pessoal de campo e simplificação da programação, teste, instalação e comissionamento do novo sistema. Ele também aborda a necessidade de ajustar a natureza da resposta de emergência para tirar proveito da nova tecnologia.
},
	file = {PDF:/home/leonardofdsantos/Zotero/storage/TJNEDAEM/Zellmer - 2018 - Overcoming Cultural Challenges to Distribution Automation.pdf:application/pdf},
}

@inproceedings{qin_recloser_2015,
	address = {Denver, CO, USA},
	title = {Recloser allocation and placement for rural distribution systems},
	isbn = {978-1-4673-8040-9},
	url = {http://ieeexplore.ieee.org/document/7286412/},
	doi = {10.1109/PESGM.2015.7286412},
	abstract = {Recloser allocation and placement for a rural distribution system is investigated using a hierarchical framework. This paper proposed a high level recloser allocation scheme in addition to the low level recloser placement. Allocating reclosers to certain feeders without knowing the the exact circuit topology would be more efﬁcient and desirable for the planning of utility companies. While the allocation scheme focused on minimizing SAIFI in this paper, other objectives and constraints can be included and formulated similarly. The allocation and placement is demonstrated on the Roy Billinton Test System (RBTS).},
	language = {en},
	urldate = {2025-04-02},
	booktitle = {2015 {IEEE} {Power} \& {Energy} {Society} {General} {Meeting}},
	publisher = {IEEE},
	author = {Qin, Qiu and Wu, N. Eva},
	month = jul,
	year = {2015},
	pages = {1--5},
	annote = {O artigo investiga a alocação e o posicionamento de religadores para um sistema de distribuição rural usando uma estrutura hierárquica. Ele propõe um esquema de alocação de religadores de alto nível, além do posicionamento de religadores de baixo nível. A alocação e o posicionamento são demonstrados no Roy Billinton Test System (RBTS).
},
	file = {PDF:/home/leonardofdsantos/Zotero/storage/ZHJUSJ5F/Qin e Wu - 2015 - Recloser allocation and placement for rural distribution systems.pdf:application/pdf},
}

@inproceedings{nesci_recloser_2020-1,
	address = {Montevideo, Uruguay},
	title = {Recloser – {Fuse} {Coordination} on {Rural} {Feeders} {Having} {Distributed} {Generation} by {Using} {Specific} {Energy}},
	copyright = {https://ieeexplore.ieee.org/Xplorehelp/downloads/license-information/IEEE.html},
	isbn = {978-1-7281-4155-8},
	url = {https://ieeexplore.ieee.org/document/9326175/},
	doi = {10.1109/TDLA47668.2020.9326175},
	abstract = {The integration of Distributed Energy Resources (DER) implies a major challenge for the protection of the distribution network, where the origin of the energy and its direction was known. The DER can change the direction and shape of the fault current, and in the protection system can cause selectivity failures. Particularly, coordination among reclosers, sectionalizers, and fuses is affected, with possible loss of coordination. Selectivity of a typical protection system is studied, using time-current methodology, and the "specific energy versus time" as an additional tool. The advantage of coordination through this methodology is that the protection is immune to fault current variability, allowing coordination between micro-processed devices and fuses. Modeled example is presented using MatLab Simulink, simulating a typical feeders. It is concluded that the incorporation of the specific-energy in the coordination studies, provide a powerful tool allowing the analysis of the coexistence of modern micro-processed protections with traditional ones.},
	language = {en},
	urldate = {2025-04-02},
	booktitle = {2020 {IEEE} {PES} {Transmission} \& {Distribution} {Conference} and {Exhibition} - {Latin} {America} ({T}\&{D} {LA})},
	publisher = {IEEE},
	author = {Nesci, Sebastian and Gomez, Juan Carlos and Sanchez, Leonardo and Rovere, Hernan},
	month = sep,
	year = {2020},
	pages = {1--6},
	annote = {O artigo trata da coordenação entre religadores, seccionalizadores e fusíveis em alimentadores rurais com geração distribuída (GD). A adição de GD pode causar falhas de seletividade da proteção de sobrecorrente, devido à sua falta de adaptabilidade e variabilidade na presença de fontes distribuídas. A seletividade de um sistema de proteção típico é estudada, utilizando a metodologia tempo-corrente, e a "energia específica versus tempo" como ferramenta adicional. A coordenação através desta metodologia tem a vantagem de a proteção ser imune à variabilidade da corrente de falta, permitindo a coordenação entre proteções microprocessadas e tradicionais.
},
	file = {PDF:/home/leonardofdsantos/Zotero/storage/MJA4V48W/Nesci et al. - 2020 - Recloser – Fuse Coordination on Rural Feeders Having Distributed Generation by Using Specific Energy.pdf:application/pdf},
}

@inproceedings{blair_solutions_2018,
	address = {Memphis, TN},
	title = {Solutions to {Common} {Distribution} {Protection} {Challenges}},
	isbn = {978-1-5386-4172-9},
	url = {https://ieeexplore.ieee.org/document/8416179/},
	doi = {10.1109/REPC.2018.00021},
	abstract = {This paper describes how modern digital recloser controls can use voltage detection, timers, and programmable recloser logic to accomplish the following: Detect a loss of source and block fast curves prior to inrush on re-energization. Reduce protection response time when reclosing to reduce repeated system stress. Detect conductor slap upstream caused by an in-section fault, and lock out early to prevent continued conductor slap and eventual lockout of the upstream protection. Detect the location of a fault in a noncommunicating loop scheme to prevent closing into a fault when attempting restoration.},
	language = {en},
	urldate = {2025-04-02},
	booktitle = {2018 {IEEE} {Rural} {Electric} {Power} {Conference} ({REPC})},
	publisher = {IEEE},
	author = {Blair, Jeremy and Hataway, Greg and Mattson, Trevor},
	month = may,
	year = {2018},
	pages = {81--91},
	annote = {O documento discute como os controles modernos de religadores digitais podem usar a detecção de tensão, temporizadores e lógica de religadores programável para realizar o seguinte: detectar uma perda de fonte e bloquear curvas rápidas antes da irrupção na reenergização. Reduzir o tempo de resposta da proteção ao religar para reduzir a tensão repetida do sistema. Detectar o impacto do condutor a montante causado por uma falta na seção e bloquear precocemente para evitar o impacto contínuo do condutor e o eventual bloqueio da proteção a montante. Detectar a localização de uma falta em um esquema de loop não comunicante para evitar o fechamento em uma seção de linha com falta ao tentar a restauração.
},
	file = {PDF:/home/leonardofdsantos/Zotero/storage/SBM67PB5/Blair et al. - 2018 - Solutions to Common Distribution Protection Challenges.pdf:application/pdf},
}

@inproceedings{depetris_web-based_2023,
	address = {Oberá, Argentina},
	title = {Web-{Based} {SCADA} {System} to {Control} and {Monitor} {Electrical} {Grids}’ {Distribution} {Transformers} and {Medium} {Voltage} {Reclosers}, {Based} on {IoT}},
	copyright = {https://doi.org/10.15223/policy-029},
	isbn = {979-8-3503-2941-4},
	url = {https://ieeexplore.ieee.org/document/10530667/},
	doi = {10.1109/RPIC59053.2023.10530667},
	abstract = {This project focuses on developing communication devices for data acquisition and control in distribution transformers' energy meters and reclosers in urban and rural Electrical Grids in Morteros, Córdoba, aiming to stremline operational efficiency and decision-making during emergencies.},
	language = {es},
	urldate = {2025-04-02},
	booktitle = {2023 {XX} {Workshop} on {Information} {Processing} and {Control} ({RPIC})},
	publisher = {IEEE},
	author = {Depetris, Leonardo and Depetris, Lorenzo and Gonzalez, Joaquín and Racca, Jorge and Romani, Damian and Costamagna, Julieta and Romani, José and Gonzalez, Juan and Bottero, Claudio and Vaira, Diego and Comba, Agustín},
	month = nov,
	year = {2023},
	pages = {1--6},
	annote = {Este projeto se concentra no desenvolvimento de dispositivos de comunicação para aquisição e controle de dados em medidores de energia e religadores de transformadores de distribuição em redes elétricas urbanas e rurais em Morteros, Córdoba, com o objetivo de agilizar a eficiência operacional e a tomada de decisões durante emergências. Especificamente, um ecossistema IoT é proposto usando microcontroladores ESP32 para ler periodicamente os medidores de energia nas subestações, interpretando o protocolo DLMS COSEM. Além disso, o controle remoto e a aquisição de dados de religadores são direcionados pela decodificação do protocolo DNP3. Após a implementação e vários meses de operação, o projeto conclui favoravelmente, uma vez que o monitoramento e o controle dos equipamentos-alvo foram alcançados, permitindo o alerta precoce em caso de falhas e servindo como uma ferramenta futura para aprimorar o gerenciamento da rede elétrica por meio de algoritmos de IA ou técnicas de otimização.
},
	file = {PDF:/home/leonardofdsantos/Zotero/storage/I7HL2CX4/Depetris et al. - 2023 - Web-Based SCADA System to Control and Monitor Electrical Grids’ Distribution Transformers and Medium.pdf:application/pdf},
}

@inproceedings{pachanapan_centralised_2023-1,
	address = {Chiang Mai, Thailand},
	title = {A {Centralised} {Fault} {Location}, {Isolation}, and {Service} {Restoration} {Approach} for {Rural} {Microgrid} {System} using {Reclosers} and {Sectionalizers}},
	copyright = {https://doi.org/10.15223/policy-029},
	isbn = {979-8-3503-1809-8},
	url = {https://ieeexplore.ieee.org/document/10561969/},
	doi = {10.1109/APPEEC57400.2023.10561969},
	abstract = {The automated fault location, isolation, and service restoration (FLISR) solution for the radial distribution network with distribution generation (DG), based on a centralized control structure, is proposed in this paper. This FLISR technique allows for enhanced coordination of reclosers and sectionalizers already present for protection or sectionalization purposes on the distribution network. The number of trip counters of reclosers and sectionalizers during the fault is used to identify the fault location. After locating a fault segment, the FLISR central controller will send the command to specific sectionalizers to isolate the fault from the other parts. The DG can be re-connected to operate in either grid-connected or island mode to support the service restoration process. The decision to reconnect the DG depends on the switch statuses after the fault is isolated. The purposed FLISR method is applied in the rural micro grid system consisting of a radial distribution network with a small-scale synchronous generator. The test system includes two reclosers and four sectionalizers which all of them can communicate with the FLISR central controller. The performances of automated FLISR operation in various fault locations are investigated using RMSsimulation on DIgSILENT PowerFactory software. The results show that using the information from trip counters and switch status, the rural microgrid system can effectively perform the FLISR process, improving network reliability.},
	language = {en},
	urldate = {2025-04-02},
	booktitle = {2023 {IEEE} {PES} 15th {Asia}-{Pacific} {Power} and {Energy} {Engineering} {Conference} ({APPEEC})},
	publisher = {IEEE},
	author = {Pachanapan, Piyadanai and Supannon, Autthaporn},
	month = dec,
	year = {2023},
	pages = {1--6},
	annote = {O artigo propõe uma solução automatizada de localização, isolamento e restauração de falhas (FLISR) para a rede de distribuição radial com geração distribuída (GD), baseada em uma estrutura de controle centralizada. A técnica FLISR proposta permite uma coordenação aprimorada de religadores e seccionalizadores já presentes para fins de proteção ou seccionamento na rede de distribuição. O número de contadores de disparo de religadores e seccionalizadores durante a falta é usado para identificar a localização da falta. Após localizar um segmento de falta, o controlador central FLISR enviará o comando para seccionalizadores específicos para isolar a falta das outras partes. A GD pode ser reconectada para operar no modo conectado à rede ou em ilha para suportar o processo de restauração do serviço.
},
	file = {PDF:/home/leonardofdsantos/Zotero/storage/2C4SGXQA/Pachanapan e Supannon - 2023 - A Centralised Fault Location, Isolation, and Service Restoration Approach for Rural Microgrid System.pdf:application/pdf},
}

@inproceedings{liang_analysis_2022,
	address = {Nanjing, China},
	title = {Analysis of {Fault} {Characteristics} of {Rural} {Distribution} {System} with {High} {Proportion} {Distributed} {Photovoltaic}},
	copyright = {https://doi.org/10.15223/policy-029},
	isbn = {979-8-3503-9916-5},
	url = {https://ieeexplore.ieee.org/document/10088152/},
	doi = {10.1109/IC2ECS57645.2022.10088152},
	abstract = {High proportion of distributed photovoltaic access has changed the fault characteristics of rural distribution system. The traditional relay protection and automation strategy of rural distribution system may be inapplicable. Therefore, it is urgent to study the fault characteristics of rural active distribution system. Firstly, the paper analyzes the different application scenarios of theoretical derivation and simulation analysis of distribution system fault characteristics. Then, based on electromagnetic transient simulation software, the fault characteristics analysis model of rural active distribution system is established and the distributed photovoltaic low-voltage ride through control model is built. Besides, a quantitative analysis method for fault characteristics of high proportion distributed photovoltaic connected to rural distribution system is proposed. Finally, taking the rural distribution system of a certain area as an example, the validity of the analysis model and method is verified, and the fault current and voltage characteristics of the rural active distribution system are revealed, which provides a theoretical basis for the subsequent analysis of the applicability of relay protection and automation of rural distribution system.},
	language = {en},
	urldate = {2025-04-02},
	booktitle = {2022 2nd {International} {Conference} on {Electrical} {Engineering} and {Control} {Science} ({IC2ECS})},
	publisher = {IEEE},
	author = {Liang, Weichen and Liu, Bo and Wang, Yajuan and Li, Xuan},
	month = dec,
	year = {2022},
	pages = {1003--1007},
	annote = {O artigo trata da análise das características de falta do sistema de distribuição rural com alta proporção de acesso fotovoltaico distribuído. Ele propõe um método de análise quantitativa para tensão e corrente de falta de alta proporção de fotovoltaica distribuída conectada ao sistema de distribuição rural. O artigo também constrói o modelo de análise de características de falta do sistema de distribuição rural ativo e o modelo de controle de passagem de baixa tensão fotovoltaica distribuída. Ele revela as características de corrente e tensão de falta do sistema de distribuição rural ativo, que fornece uma base teórica para a análise subsequente da aplicabilidade da proteção de relé e automação do sistema de distribuição rural.
},
	file = {PDF:/home/leonardofdsantos/Zotero/storage/KV88BIUV/Liang et al. - 2022 - Analysis of Fault Characteristics of Rural Distribution System with High Proportion Distributed Phot.pdf:application/pdf},
}

@inproceedings{tang_evaluation_2021,
	address = {Coimbatore, India},
	title = {Evaluation model of rural protection and reconstruction effect based on remote sensing information fusion},
	copyright = {https://ieeexplore.ieee.org/Xplorehelp/downloads/license-information/IEEE.html},
	isbn = {978-1-6654-3524-6},
	url = {https://ieeexplore.ieee.org/document/9676112/},
	doi = {10.1109/ICECA52323.2021.9676112},
	abstract = {Evaluation model of the rural protection and reconstruction effect based on remote sensing information fusion is studied in this paper. The annotation accuracy of the data set has a direct impact on the prediction effect of the model. The higher the labeling accuracy, the better the prediction effect of the two models, and the higher the evaluation index values, hence, for the better evaluation of the model, the annocation model is considered to capture the remote sensing image data. The advantages of feature-level image fusion are that a large amount of the image information is compressed and real -time processing can be then realized, then the fusion model is used to construct the efficient framework. Through the experimental testing, the different aspects of performacne are tested.},
	language = {en},
	urldate = {2025-04-02},
	booktitle = {2021 5th {International} {Conference} on {Electronics}, {Communication} and {Aerospace} {Technology} ({ICECA})},
	publisher = {IEEE},
	author = {Tang, Fei and Li, Jing},
	month = dec,
	year = {2021},
	pages = {1267--1270},
	annote = {O artigo estuda o modelo de avaliação do efeito de proteção e reconstrução rural baseado na fusão de informações de sensoriamento remoto. O artigo propõe um método de análise quantitativa para tensão e corrente de falta de alta proporção de fotovoltaica distribuída conectada ao sistema de distribuição rural. O artigo também usa o modelo de fusão para construir a estrutura eficiente. Os resultados do experimento mostram que a estrutura projetada pode avaliar bem o desempenho.
},
	file = {PDF:/home/leonardofdsantos/Zotero/storage/GZM3BQ4T/Tang e Li - 2021 - Evaluation model of rural protection and reconstruction effect based on remote sensing information f.pdf:application/pdf},
}

@inproceedings{kononova_increasing_2024,
	address = {Sochi, Russian Federation},
	title = {Increasing the {Sensitivity} of {Current} {Protection} of {Distribution} {Networks} 6–10 {K} v {Based} on {Linear} {Voltage} {Measurements}},
	copyright = {https://doi.org/10.15223/policy-029},
	isbn = {979-8-3503-9501-3},
	url = {https://ieeexplore.ieee.org/document/10553904/},
	doi = {10.1109/ICIEAM60818.2024.10553904},
	abstract = {There is a problem of ensuring sufficient sensitivity of current relay protection in distribution networks 6-10 kV. Features of overhead distribution networks 6-10 kV are the reasons for the insufficient sensitivity of current protection: the use of steel and steel-aluminum wires of small sections, the long length of overhead lines of distribution networks, the remoteness of small power supplies. All these factors affect the magnitude of the short circuit current at the most remote point of the line of the main zone, while the short circuit currents are close in magnitude to the currents of the maximum mode, which leads to an overestimation of the relay operation current and, as a result, insufficient sensitivity not only in the zone protection redundancy, but also in the main protection zone. The article considers a device that has increased sensitivity during two-phase short circuits, compared with devices that respond both to a decrease in the mains voltage and to a change in the negative sequence voltage. The device consists of a number of blocks that perform the following functions: signal inversion, signal multiplication of two input line-to-line voltages, a direct current component extraction unit, a minimum value extraction unit from three input signals. The simulation results showed the advantage of the proposed method for increasing the sensitivity of current protection.},
	language = {en},
	urldate = {2025-04-02},
	booktitle = {2024 {International} {Conference} on {Industrial} {Engineering}, {Applications} and {Manufacturing} ({ICIEAM})},
	publisher = {IEEE},
	author = {Kononova, N. N. and Krasko, M. D. and Bezin, V. V.},
	month = may,
	year = {2024},
	pages = {42--46},
	annote = {O artigo trata do problema de garantir sensibilidade suficiente de proteção de relé de corrente em redes de distribuição de 6-10 kV. Ele propõe um dispositivo que possui maior sensibilidade durante curtos-circuitos de duas fases, em comparação com dispositivos que respondem tanto a uma diminuição na tensão da rede quanto a uma mudança na tensão de sequência negativa. O dispositivo consiste em vários blocos que executam as seguintes funções: inversão de sinal, multiplicação de sinal de duas tensões linha a linha de entrada, uma unidade de extração de componente de corrente contínua, uma unidade de extração de valor mínimo de três sinais de entrada. Os resultados da simulação mostraram a vantagem do método proposto para aumentar a sensibilidade da proteção atual.
},
	file = {PDF:/home/leonardofdsantos/Zotero/storage/SN3YZY4M/Kononova et al. - 2024 - Increasing the Sensitivity of Current Protection of Distribution Networks 6–10 K v Based on Linear V.pdf:application/pdf},
}

@inproceedings{yang_monitoring_2020,
	address = {Wuhan, China},
	title = {Monitoring and {Application} of {Low}-voltage {Distribution} {Network} {Leakage} {Protector} {Based} on {Internet} of {Things}},
	copyright = {https://ieeexplore.ieee.org/Xplorehelp/downloads/license-information/IEEE.html},
	isbn = {978-1-7281-9606-0},
	url = {https://ieeexplore.ieee.org/document/9347111/},
	doi = {10.1109/EI250167.2020.9347111},
	abstract = {In view of the problems existing in the operation management of low-voltage distribution network leakage protectors, the "cloud-pipe-side-end" idea is adopted, based on the intelligent deployment of modular TTU, a low-voltage distribution network based on the Internet of Things is proposed System architecture, designed the configuration and monitoring scheme of the leakage protector based on the Internet of Things, to achieve remote centralized monitoring of the total leakage protection, intermediate leakage protection and user leakage protection status of the station area; according to the leakage protection monitoring status and the monitoring of the branch and user perception unit of the station area Information, realize the intelligent perception of low-voltage distribution network and the research and judgment of low-voltage faults, and give the actual application situation of under-report monitoring based on the Internet of Things in Hubei area, thereby shortening the time of fault detection and improve the level of operation, maintenance and management.},
	language = {en},
	urldate = {2025-04-02},
	booktitle = {2020 {IEEE} 4th {Conference} on {Energy} {Internet} and {Energy} {System} {Integration} ({EI2})},
	publisher = {IEEE},
	author = {Yang, Zhichun and Shen, Yu and Yang, Fan and Su, Lei and Lei, Yang and Yan, Fangbin},
	month = oct,
	year = {2020},
	pages = {2806--2810},
	annote = {O artigo propõe uma arquitetura de sistema de rede de distribuição de baixa tensão baseada na Internet das Coisas e projeta o esquema de configuração e monitoramento do dispositivo de proteção contra vazamento. O esquema visa realizar o monitoramento centralizado remoto do status total de proteção contra vazamento, proteção intermediária contra vazamento e proteção contra vazamento do usuário da área da estação. Ele também pesquisa e julga falhas de baixa tensão e fornece a situação real de monitoramento sob relatório baseado na Internet das Coisas na área de Hubei, encurtando assim o tempo de detecção de falhas e melhorando o nível de operação, manutenção e gerenciamento.
},
	file = {PDF:/home/leonardofdsantos/Zotero/storage/Y7E5LHSK/Yang et al. - 2020 - Monitoring and Application of Low-voltage Distribution Network Leakage Protector Based on Internet o.pdf:application/pdf},
}

@inproceedings{yu_network_2022,
	address = {Shanghai, China},
	title = {Network {Structure} and {Power} {Quality} of {DC} {Distribution} {System}: {A} {Review}},
	copyright = {https://doi.org/10.15223/policy-029},
	isbn = {978-1-6654-5066-9},
	shorttitle = {Network {Structure} and {Power} {Quality} of {DC} {Distribution} {System}},
	url = {https://ieeexplore.ieee.org/document/9949643/},
	doi = {10.1109/ICPSAsia55496.2022.9949643},
	abstract = {With the innovation of energies and technologies, DC distribution system (DDS) is an inevitable trend of the power system development. Thus, the voltage level and network structure of the DDS are firstly generalized in terms of application scenarios, thereby proposing its three layers network architecture. Secondly, based on the variation mechanism of DC voltage, an index frame is established to evaluate the power quality of a DDS, providing an assessment method for a DDS. Finally, the key technologies for improving each index of the DDS are explored and prospected in this paper, hopefully enriching the DDS in terms of theoretical research development and application.},
	language = {en},
	urldate = {2025-04-02},
	booktitle = {2022 {IEEE}/{IAS} {Industrial} and {Commercial} {Power} {System} {Asia} ({I}\&{CPS} {Asia})},
	publisher = {IEEE},
	author = {Yu, Dayong and Yu, Junxiao and Peng, Shi},
	month = jul,
	year = {2022},
	pages = {1644--1649},
	annote = {O documento trata da estrutura de rede e da qualidade de energia do sistema de distribuição CC (DDS). Ele generaliza o nível de tensão e a estrutura da rede do DDS em termos de cenários de aplicação e propõe sua arquitetura de rede de três camadas. Com base no mecanismo de variação da tensão CC, é estabelecido um quadro de índice para avaliar a qualidade de energia de um DDS, fornecendo um método de avaliação para um DDS. Ele também explora e prospecta as principais tecnologias para melhorar cada índice do DDS.
},
	file = {PDF:/home/leonardofdsantos/Zotero/storage/DVT4REYH/Yu et al. - 2022 - Network Structure and Power Quality of DC Distribution System A Review.pdf:application/pdf},
}

@article{lopez-prado_reliability_2022,
	title = {Reliability {Assessment} in {Rural} {Distribution} {Systems} {With} {Microgrids}: {A} {Computational}- {Based} {Approach}},
	volume = {10},
	copyright = {https://creativecommons.org/licenses/by/4.0/legalcode},
	issn = {2169-3536},
	shorttitle = {Reliability {Assessment} in {Rural} {Distribution} {Systems} {With} {Microgrids}},
	url = {https://ieeexplore.ieee.org/document/9755132/},
	doi = {10.1109/ACCESS.2022.3166508},
	abstract = {Rural distribution systems, especially in developing countries, tend to be less reliable than urban distribution systems because customers are (1) located remotely and (2) connected to weak aerial networks with radial topologies without redundancy. To improve reliability in rural areas, microgrids (MGs) are being integrated into conventional power systems. This study evaluates the effect on the reliability of rural distribution systems when MGs are introduced considering different penetration levels for renewable and nonrenewable distributed generation, and under rated power of energy storage. Here, we ﬁrst formulate a reliability model for a rural distribution system with MGs. Based on this model, an interactive method using a sequential Monte Carlo simulation method is proposed and applied to calculate different conventional reliability indices. We show that this approach facilitates the selection of the parameters of the different systems constituting the MGs in order to comply with a predeﬁned reliability objective. For instance, by introducing only photovoltaic distributed generation systems to the rural distribution systems under study, achieving the reliability objective is next to impossible. However, when correctly dimensioned-hybrid MGs are introduced, such an objective is successfully achieved. In the future, our model and the results provided herein could be combined with technical and economic studies to obtain an optimal solution that meets a certain reliability objective.},
	language = {en},
	urldate = {2025-04-02},
	journal = {IEEE Access},
	author = {Lopez-Prado, Jose L. and Gonzalez-Sanchez, Jorge W. and Velez, Jorge I. and Garcia-Llinas, Guisselle A.},
	year = {2022},
	pages = {43327--43340},
	annote = {O artigo avalia o efeito da introdução de microrredes (MGs) na confiabilidade de sistemas de distribuição rurais (RDS) usando o método de simulação de Monte Carlo. Ele propõe um modelo de confiabilidade para um RDS com MGs e aplica um método interativo usando um método de simulação sequencial de Monte Carlo para calcular diferentes índices de confiabilidade. O estudo mostra que esta abordagem facilita a seleção dos parâmetros dos diferentes sistemas que constituem os MGs de forma a cumprir um objetivo de confiabilidade predefinido.
},
	file = {PDF:/home/leonardofdsantos/Zotero/storage/XRA3S8E6/Lopez-Prado et al. - 2022 - Reliability Assessment in Rural Distribution Systems With Microgrids A Computational- Based Approac.pdf:application/pdf},
}

@unpublished{martins_alise_2022,
	type = {Dissertação},
	title = {{ANÁLISE} {DE} {POTENCIAIS} {PERIGOSOS} {GERADOS} {EM} {REDES} {ELÉTRICAS} {QUE} {USAM} {O} {SOLO} {COMO} {MEIO} {CONDUTOR}},
	language = {pt},
	author = {Martins, Miguel Spagnolo},
	year = {2022},
	file = {PDF:/home/leonardofdsantos/Zotero/storage/JSCDLUKS/Martins - 2022 - UNIVERSIDADE FEDERAL DE SANTA MARIA CENTRO DE TECNOLOGIA PROGRAMA DE PÓS-GRADUAÇÃO EM ENGENHARIA ELÉ.pdf:application/pdf},
}

@book{anderson_power_1999,
	address = {New York Hoboken, New Jersey},
	series = {{IEEE} press series on power engineering},
	title = {Power system protection},
	isbn = {978-0-7803-3427-4 978-0-470-54559-1},
	abstract = {"In a world of huge, interconnected networks that can be completely blacked out by disturbances, POWER SYSTEM PROTECTION offers you an improved understanding of the requirements necessary for prompt and accurate corrective action. P. M. Anderson, a noted expert on power systems, presents an analytical and technical approach to power system protection. His discussion shows how abnormal system behavior can be detected before damage occurs, and points to effective control action to limit system outages. Advance your knowledge of power system protection through a better understanding of: . Protective devices and controls. Protection concepts. Transmission protection. Apparatus protection. System aspects of protective systems. Reliability analysis of protective systems POWER SYSTEM PROTECTION is expressly written for practicing engineers and advanced graduate-level student engineers who need a comprehensive resource on the principles of power system behavior. This essential reference work provides new and advanced concepts for understanding system performance." An Instructor's Manual presenting detailed solutions to all the problems in the book is available from the Wiley Marketing department},
	language = {en},
	publisher = {IEEE Press, Wiley-Interscience},
	author = {Anderson, Paul M.},
	collaborator = {{IEEE Xplore (Online service)}},
	year = {1999},
	doi = {10.1109/9780470545591},
	file = {PDF:/home/leonardofdsantos/Zotero/storage/ZHB2L44X/Anderson - 1999 - Power system protection.pdf:application/pdf},
}

@book{ieee_pc3741d7_2024,
	title = {{PC37}.41/{D7}, {Oct} 2024 - {IEEE} {Approved} {Draft} {Standard} for {Design} {Tests} and {Specifications} for {High}-{Voltage} {Fuses} and {Accessories}},
	isbn = {979-8-8557-1362-6},
	language = {und},
	publisher = {IEEE},
	author = {IEEE},
	year = {2024},
	note = {OCLC: 1484256214},
}

@book{giguer_protecao_1970,
	title = {Protecao {De} {Sistemas} {De} {Distribuicao}},
	isbn = {978-85-241-0195-3},
	language = {pt-BR},
	publisher = {Sagra Luzzatto},
	author = {Giguer, Sergio},
	month = may,
	year = {1970},
	keywords = {Assunto não informado},
}

@book{gers_protection_2011,
	address = {Herts, United Kingdom},
	edition = {3rd edition},
	series = {{IEE} power and energy series},
	title = {Protection of electricity distribution networks},
	isbn = {978-1-84919-223-1},
	number = {65},
	publisher = {Institution of Electrical Engineers},
	author = {Gers, Juan M. and Holmes, E. J.},
	collaborator = {{Institution of Electrical Engineers}},
	year = {2011},
	note = {OCLC: ocn746749434},
	keywords = {Electric power distribution, Electric power systems, Electric power transmission, Protection},
	annote = {Previous edition: 2004},
}

@book{gonen_electric_1988,
	address = {New York},
	title = {Electric power transmission system engineering: analysis and design},
	isbn = {978-0-471-85993-2},
	shorttitle = {Electric power transmission system engineering},
	language = {en},
	publisher = {J. Wiley},
	author = {Gönen, Turan},
	year = {1988},
	keywords = {Electric power transmission},
	file = {PDF:/home/leonardofdsantos/Zotero/storage/ESYURJGM/Gönen - 1988 - Electric power transmission system engineering analysis and design.pdf:application/pdf},
}

@article{silveira_new_2024,
	title = {A new approach for mitigating voltage unbalance in a three-phase two-wire rural distribution network},
	volume = {237},
	issn = {03787796},
	url = {https://linkinghub.elsevier.com/retrieve/pii/S0378779624009283},
	doi = {10.1016/j.epsr.2024.111042},
	language = {en},
	urldate = {2025-04-07},
	journal = {Electric Power Systems Research},
	author = {Silveira, L.F. and Martins, M.S. and Kräulich, L. and Dos Santos, L.F.S and Cardoso, G. and Oliveira, A.L. and Marchesan, G.},
	month = dec,
	year = {2024},
	pages = {111042},
	file = {PDF:/home/leonardofdsantos/Zotero/storage/95NIFSB5/Silveira et al. - 2024 - A new approach for mitigating voltage unbalance in a three-phase two-wire rural distribution network.pdf:application/pdf},
}

@misc{ieee_ieee_2015,
	title = {{IEEE} {Guide} for {Safety} in {AC} {Substation} {Grounding}},
	url = {http://ieeexplore.ieee.org/document/7109078/},
	doi = {10.1109/IEEESTD.2015.7109078},
	urldate = {2025-04-07},
	publisher = {IEEE},
	author = {IEEE},
	year = {2015},
	note = {ISBN: 9780738188508},
}

@phdthesis{kraulich_alise_2024,
	title = {{ANÁLISE} {TÉCNICA} {E} {DE} {CUSTO}-{BENEFÍCIO} {DO} {SISTEMA} {NÃO} {CONVENCIONAL} {TRIFÁSICO} {A} {DOIS} {FIOS} {PARA} {A} {DISTRIBUIÇÃO} {DE} {ENERGIA} {ELÉTRICA} {EM} {MÉDIA} {TENSÃO} {NO} {MEIO} {RURAL}},
	language = {pt},
	author = {Kräulich, Leyla},
	year = {2024},
	file = {PDF:/home/leonardofdsantos/Zotero/storage/QIDVZK6D/Kräulich - UNIVERSIDADE FEDERAL DE SANTA MARIA CENTRO DE TECNOLOGIA PROGRAMA DE PÓS-GRADUAÇÃO EM ENGENHARIA ELÉ.pdf:application/pdf},
}

@phdthesis{kraulich_alise_2024-1,
	title = {{ANÁLISE} {TÉCNICA} {E} {DE} {CUSTO}-{BENEFÍCIO} {DO} {SISTEMA} {NÃO} {CONVENCIONAL} {TRIFÁSICO} {A} {DOIS} {FIOS} {PARA} {A} {DISTRIBUIÇÃO} {DE} {ENERGIA} {ELÉTRICA} {EM} {MÉDIA} {TENSÃO} {NO} {MEIO} {RURAL}},
	language = {pt},
	author = {Kräulich, Leyla},
	year = {2024},
	file = {PDF:/home/leonardofdsantos/Zotero/storage/ELNCBQYB/Kräulich - UNIVERSIDADE FEDERAL DE SANTA MARIA CENTRO DE TECNOLOGIA PROGRAMA DE PÓS-GRADUAÇÃO EM ENGENHARIA ELÉ.pdf:application/pdf},
}

@article{noauthor_repotencializacao_2017,
	title = {{REPOTENCIALIZAÇÃO} {DE} {SISTEMAS} {DE} {DISTRIBUIÇÃO} {RURAIS} {MONOFÁSICOS} {POR} {MEIO} {DE} {DOIS} {CABOS} {AÉREOS} {E} {O} {SOLO} {COMO} {A} {TERCEIRA} {FASE}},
	language = {pt},
	author = {, Santa},
	year = {2017},
	file = {PDF:/home/leonardofdsantos/Zotero/storage/9SUXUT6E/Maria - 2017 - Paulo Roberto de Oliveira Borges.pdf:application/pdf},
}

@article{maria_paulo_2017,
	title = {Paulo {Roberto} de {Oliveira} {Borges}},
	language = {pt},
	author = {Maria, Santa},
	year = {2017},
	file = {PDF:/home/leonardofdsantos/Zotero/storage/MMBCX6LP/Maria - 2017 - Paulo Roberto de Oliveira Borges.pdf:application/pdf},
}

@article{kraulich_cost_2023-1,
	title = {Cost analysis for transforming rural electrical distribution networks into three-phase: {Three}-phase two-wire versus conventional three-phase},
	volume = {225},
	issn = {03787796},
	shorttitle = {Cost analysis for transforming rural electrical distribution networks into three-phase},
	url = {https://linkinghub.elsevier.com/retrieve/pii/S0378779623007423},
	doi = {10.1016/j.epsr.2023.109854},
	abstract = {This paper presents a methodology to support the hypothesis that the Three-Phase Two-Wire (TPTW) system is an excellent economic alternative for rural properties that do not have their electricity needs met by single-phase systems. It is necessary to convert these networks into three-phase systems so that the rural areas can offer new opportunities for economic development. However, the costs of such investments represent a great challenge to be overcome. In an early assessment, it may seem trivial that the TPTW offers a lower cost because of the reduction in construction elements; however, the choice of a distribution system is a task that involves a complex analysis of factors. To evaluate the costs involved, four main scenarios are examined, which are compared to the conventional three-phase system. This paper is unprecedented because there are no works in the technical literature that compare the choice of these technologies in terms of costs, especially as regards the TPTW system, whose technical issues are not yet fully established. The results of confirm that the TPTW system can overcome the economic challenges when the investments made in previous installations are considered or when the purpose is to take three-phase electricity to places without centralized generation.},
	language = {en},
	urldate = {2025-04-07},
	journal = {Electric Power Systems Research},
	author = {Kräulich, L. and Marchesan, G. and Cardoso, G. and Oliveira, A.L. and Martins, M.S. and Silveira, L.F.},
	month = dec,
	year = {2023},
	pages = {109854},
	file = {PDF:/home/leonardofdsantos/Zotero/storage/LNTUC887/Kräulich et al. - 2023 - Cost analysis for transforming rural electrical distribution networks into three-phase Three-phase.pdf:application/pdf},
}

@article{marchesan_three-phase-two-wire_2023-1,
	title = {Three-{Phase}-{Two}-{Wire} {Rural} {Distribution} {Network}: {Influence} of {Design} {Characteristics} on {Voltage} {Unbalance}},
	volume = {38},
	copyright = {https://ieeexplore.ieee.org/Xplorehelp/downloads/license-information/IEEE.html},
	issn = {0885-8977, 1937-4208},
	shorttitle = {Three-{Phase}-{Two}-{Wire} {Rural} {Distribution} {Network}},
	url = {https://ieeexplore.ieee.org/document/9851219/},
	doi = {10.1109/TPWRD.2022.3196602},
	abstract = {Power distribution in remote areas with low density load is usually performed with Single Wire Earth Return (SWER) systems. These systems have been shown to be insufﬁcient to meet not only the growing demand but also three-phase loads. The ThreePhase-Two-Wire (TPTW) system is a non-conventional low-cost alternative system for repowering the SWER, as both of them use the ground as conductor. The TPTW system is inherently unbalanced and may have greater voltage drops than a conventional three-phase system. This paper proposes a method to decrease voltage unbalance by choosing the correct spacing between of TPTW System overhead conductors. Additionally, the method eliminates the need for reactive series compensation and reduces working time and installation costs. TPTW System performance was evaluated for different conditions and designs such as cable type, spacing, length and passive compensation. The results show that optimal spacing can be reached among cables, and viable supply can be offered for distant loads with relatively low voltage unbalance.},
	language = {en},
	number = {1},
	urldate = {2025-04-07},
	journal = {IEEE Transactions on Power Delivery},
	author = {Marchesan, Gustavo and Oliveira, Aecio De Lima and Cardoso, Ghendy and Berlezi Ramos, Diego and Kraulich, Leyla and Mazzorani, Larissa and Silveira, Leonardo De Freitas},
	month = feb,
	year = {2023},
	pages = {620--630},
	file = {PDF:/home/leonardofdsantos/Zotero/storage/Q7AQEUTF/Marchesan et al. - 2023 - Three-Phase-Two-Wire Rural Distribution Network Influence of Design Characteristics on Voltage Unba.pdf:application/pdf},
}

@article{borges_repowering_2017-1,
	title = {Repowering rural single-phase distribution network: {A} non-conventional proposal using two overhead wires and the ground as the third phase},
	volume = {150},
	issn = {03787796},
	shorttitle = {Repowering rural single-phase distribution network},
	url = {https://linkinghub.elsevier.com/retrieve/pii/S0378779617301876},
	doi = {10.1016/j.epsr.2017.05.001},
	abstract = {This work proposes an innovative concept for repowering the installed single-phase distribution system, which is widely used in rural areas. It is well known that the single-phase distribution network delivers less power than a traditional three-phase electrical system. In this sense, in order to attend rural threephase loads, such as three-phase induction motors, thus taking advantage of the existing single-phase rural distribution systems, a non-conventional three-phase system with two overhead wires and the ground as the third phase is proposed. The distribution system is modeled and the simulation results performed using the ATPDraw software. Finally, while ﬁeld tests were performed on a reduced low voltage (380 V) prototype. This paper aims to show that it is possible to transform a single-phase rural distribution system into a three-phase, reusing as much as possible, all of the existing single-phase rural structure.},
	language = {en},
	urldate = {2025-04-07},
	journal = {Electric Power Systems Research},
	author = {Borges, P.R.O. and Ramos, J.E. and Carvalho, C.A.T. and Pires, V.A. and Cardoso, G. and Ramos, D.B. and De Morais, A.P.},
	month = sep,
	year = {2017},
	pages = {105--117},
	file = {PDF:/home/leonardofdsantos/Zotero/storage/PX5ANKYI/Borges et al. - 2017 - Repowering rural single-phase distribution network A non-conventional proposal using two overhead w.pdf:application/pdf},
}

@patent{cardoso_junior_sistema_2024,
	title = {{SISTEMA} {E} {MÉTODO} {PARA} {DISTRIBUIÇÃO} {DE} {ENERGIA} {ELÉTRICA} {POR} {SISTEMA} {TRIFÁSICO} {DE} {DOIS} {FIOS} - {T2F}},
	language = {pt},
	author = {Cardoso Junior, Ghendy and Marchesan, Gustavo and de Lima Oliveira, Aécio and Berlezi Ramos, Diego and da Silva dos Santos, Leonardo Felipe and Germano Piasentini, Julio and de Freitas Silveira, Leonardo and Kraulich, Leyla and Spagnolo Martins, Miguel and Borré Sebastiany, Pedro Henrique and Stefanello, Roberta and da Silva, Tiago},
	year = {2024},
	file = {PDF:/home/leonardofdsantos/Zotero/storage/762FMS5L/Maria - Qualificação Jurídica Instituição de Ensino e Pesquisa.pdf:application/pdf},
}

@article{silveira_qualidade_2023,
	title = {{QUALIDADE} {DA} {ENERGIA} {ELÉTRICA} {EM} {SISTEMA} {DE} {DISTRIBUIÇÃO} {TRIFÁSICO} À {DOIS} {FIOS}},
	language = {pt},
	author = {Silveira, Leonardo De Freitas and Jr, Ghendy Cardoso and Lima, Aécio De},
	year = {2023},
	file = {PDF:/home/leonardofdsantos/Zotero/storage/3SF49NCV/Silveira et al. - GRUPO DE ESTUDO DE DESEMPENHO DE SISTEMAS ELÉTRICOS - GDS.pdf:application/pdf},
}

@article{kraulich_proposta_2023,
	title = {{PROPOSTA} {DE} {UM} {SISTEMA} {TRIFÁSICO} {NÃO} {CONVENCIONAL} {A} {DOIS} {FIOS} {PARA} {REAPROVEITAMENTO} {DE} {CAPITAL} {INVESTIDO} {E} {REPOTENCILIZAÇÃO} {DE} {REDES} {MONOFILARES} {COM} {RETORNO} {POR} {TERRA}},
	language = {pt},
	author = {Kräulich, L and Marchesan, G and Cardoso, G Jr},
	year = {2023},
	file = {PDF:/home/leonardofdsantos/Zotero/storage/PDH3BYFB/Kräulich et al. - PROPOSTA DE UM SISTEMA TRIFÁSICO NÃO CONVENCIONAL A DOIS FIOS PARA REAPROVEITAMENTO DE CAPITAL INVES.pdf:application/pdf},
}

@article{kraulich_comparativo_2023,
	title = {{COMPARATIVO} {TÉCNICO}-{ECONÔMICO} {ENTRE} {SISTEMAS} {DE} {DISTRIBUIÇÃO} {RURAL}: {MRT} {VS}. {TRIFÁSICO} {CONVENCIONAL} {VS}. {T2F}},
	language = {pt},
	author = {Kraulich, Leyla and Jr, Ghendy Cardoso and Silveira, Leonardo De Freitas and Marchesan, Gustavo and Silva, Juliano and Silva, Tiago Da and Martins, Miguel Spagnolo},
	year = {2023},
	file = {PDF:/home/leonardofdsantos/Zotero/storage/RVGA4T6N/Kraulich et al. - GRUPO DE ESTUDO DE SISTEMAS DE DISTRIBUIÇÃO - GDI.pdf:application/pdf},
}

@article{damiani_averiguacao_2023,
	title = {{AVERIGUAÇÃO} {DOS} {LIMITES} {DE} {SEGURANÇA} {DO} {SISTEMA} {DE} {ATERRAMENTO} {DE} {REDES} {TRIFÁSICAS} {NÃO} {CONVENCIONAIS} {QUE} {UTILIZAM} {DOIS} {CONDUTORES} {AÉREOS}},
	language = {pt},
	author = {Damiani, Juliano Silva and Jr, Ghendy Cardoso and Ramos, Diego Berlezi and Kraulich, Leyla and Freitas, Leonardo De and Rahmeier, Vinicius Signori and Martins, Miguel Spagnolo},
	year = {2023},
	file = {PDF:/home/leonardofdsantos/Zotero/storage/JCQCJAI4/Damiani et al. - GRUPO DE ESTUDO DE SISTEMAS DE DISTRIBUIÇÃO - GDI.pdf:application/pdf},
}

@article{giuliani_alise_2022,
	title = {{ANÁLISE} {DO} {DESEQUILÍBRIO} {DE} {TENSÃO} {DE} {UMA} {LINHA} {DE} {DISTRIBUIÇÃO} {RURAL} {TRIFÁSICA} {NÃO} {CONVENCIONAL} {COM} {DOIS} {CONDUTORES} {AÉREOS}},
	language = {pt},
	author = {Giuliani, Eduardo},
	year = {2022},
	file = {PDF:/home/leonardofdsantos/Zotero/storage/YJ8USKES/Giuliani - UNIVERSIDADE FEDERAL DE SANTA MARIA CENTRO DE TECNOLOGIA PROGRAMA DE PÓS-GRADUAÇÃO EM ENGENHARIA ELÉ.pdf:application/pdf},
}

@article{silveira_alise_2023,
	title = {{ANÁLISE} {DO} {DESBALANÇO} {DE} {TENSÃO} {EM} {SISTEMAS} {DE} {DISTRIBUIÇÃO} {DE} {ENERGIA} {ELÉTRICA} {TRIFÁSICOS} À {DOIS} {FIOS}},
	language = {pt},
	author = {Silveira, Leonardo de Freitas},
	year = {2023},
	file = {PDF:/home/leonardofdsantos/Zotero/storage/2A76KFRZ/Silveira - 2023 - UNIVERSIDADE FEDERAL DE SANTA MARIA CENTRO DE TECNOLOGIA GRADUAÇÃO EM ENGENHARIA ELÉTRICA.pdf:application/pdf},
}

@article{stefanello_influencia_2024,
	title = {{INFLUÊNCIA} {DA} {RESISTIVIDADE} {DO} {SOLO} {NO} {DESEMPENHO} {DE} {MALHAS} {DE} {ATERRAMENTO} {EM} {UMA} {REDE} {DE} {DISTRIBUIÇÃO} {DO} {TIPO} {T2F}},
	abstract = {Recently a new three-phase rural distribution network model was proposed, the T2F (threephase two-wire), which uses two overhead cables for two phases and the ground as the third phase. The third phase makes use of a ground to conduct currents in the ground, however when there is injection of currents into the ground there may be an induction of dangerous surfaces. For this system to operate better and not cause material or moral damage or risks, one of the main steps is the adequate dimensioning of the grounding. One of the grounds that may be used in the construction of this network is the mesh. The design of this type of grounding is presented in standards such as IEEE 80 (2013) and NBR 15751 (2013). These documents indicate that the first stage of the project is to determine the resistivity of the soil where the mesh must be installed. Resistivity only influences several calculations of the grounding project; if its value is not evaluated correctly, the grounding mesh may have its effectiveness compromised. Therefore, this work seeks to evaluate the influence of soil resistivity on the performance of grounding grids, which can be used in a T2F distribution network.},
	language = {pt},
	author = {Stefanello, Roberta},
	year = {2024},
	file = {PDF:/home/leonardofdsantos/Zotero/storage/MFFYTFUH/Stefanello - 2024 - UNIVERSIDADE FEDERAL DE SANTA MARIA CENTRO DE TECNOLOGIA CURSO DE GRADUAÇÃO EM ENGENHARIA ELÉTRICA.pdf:application/pdf},
}

@article{maria_pedro_2023,
	title = {Pedro {Henrique} {Borré} {Sebastiany}},
	language = {pt},
	author = {Maria, Santa},
	year = {2023},
	file = {PDF:/home/leonardofdsantos/Zotero/storage/5LJE758F/Maria - 2023 - Pedro Henrique Borré Sebastiany.pdf:application/pdf},
}

@article{da_silva_dos_santos_abordagem_2023,
	title = {{ABORDAGEM} {DE} {PROTEÇÃO} {DE} {SISTEMAS} {NÃO} {CONVENCIONAIS}},
	author = {da Silva dos Santos, Leonardo Felipe and DE FREITAS SILVEIRA, Leonardo and Kraulich, Leyla and Spagnolo Martins, Miguel and Cardoso Junior, Ghendy and De Lima Oliveira, Aécio and Marchesan, Gustavo},
	year = {2023},
	file = {[2023 SANTOS] Abordagem de protecao de sistemas nao convenncionais:/home/leonardofdsantos/Zotero/storage/MQTSGHPE/[2023 SANTOS] Abordagem de protecao de sistemas nao convenncionais.pdf:application/pdf},
}

@article{maria_leonardo_2023,
	title = {Leonardo {Felipe} da {Silva} dos {Santos}},
	language = {pt},
	author = {Maria, Santa},
	year = {2023},
	file = {PDF:/home/leonardofdsantos/Zotero/storage/MWY5QICX/Maria - 2023 - Leonardo Felipe da Silva dos Santos.pdf:application/pdf},
}

@article{de_freitas_silveira_analysis_2023,
	title = {Analysis of the voltage unbalance phenomenon in a tree-phase two-wire distribution system},
	volume = {2023},
	issn = {2732-4494},
	url = {http://digital-library.theiet.org/doi/10.1049/icp.2023.0745},
	doi = {10.1049/icp.2023.0745},
	abstract = {The three-phase two-wire electrical energy distribution system is an unconventional network that proposes itself to transmit three-phase electrical energy using only two overhead cables and the earth as a conductor for the third phase. Due to this characteristic, the system in question presents the phenomenon of voltage unbalance, resulting from the impedance differences between its phases. Based on this concept, the present study develops a feasibility analysis for the implementation of a three-phase two-wire system, analysing the possibilities of using the model within the acceptable limits of quality in the supply of three-phase power. For this study, it was concluded that the proposed system is capable of operating within acceptable voltage unbalance limits for the vast majority of considered scenarios.},
	language = {en},
	number = {6},
	urldate = {2025-04-07},
	journal = {IET Conference Proceedings},
	author = {De Freitas Silveira, L. and Cardoso Junior, G. and De Lima Oliveira, A. and Marchesan, G. and Kraulich, L. and Da Silva Dos Santos, L. F. and Spagnolo Martins, M. and Matias Rêgo, R.},
	month = jul,
	year = {2023},
	pages = {3719--3723},
	file = {PDF:/home/leonardofdsantos/Zotero/storage/LHWRG7DQ/De Freitas Silveira et al. - 2023 - Analysis of the voltage unbalance phenomenon in a tree-phase two-wire distribution system.pdf:application/pdf},
}

@article{da_silva_dos_santos_new_2023,
	title = {A new approach to protection in an unconventional distribution},
	volume = {2023},
	issn = {2732-4494},
	url = {http://digital-library.theiet.org/doi/10.1049/icp.2023.0781},
	doi = {10.1049/icp.2023.0781},
	abstract = {The lack of power distribution lines affects remote areas with low-density loads. A single-wire earth return system (SWER) can be applied so power could reach such regions. These systems are limited to single-phase power and are insufficient to meet the problem of the growing demand. The three-phase two-wire distribution system (TPTW) system is applied to single-wire systems to make it three-phase. This work proposes an protection scheme to leverage the use of TPTW without relatively increasing the cost. In addition to eliminate the need for two fuses, this work seeks to assess whether the fuses in their positions meet the ability to isolate faults in the same way as the common topology.},
	language = {en},
	number = {6},
	urldate = {2025-04-07},
	journal = {IET Conference Proceedings},
	author = {Da Silva Dos Santos, L. F. and Spagnolo Martins, M. and Kraulich, L. and De Freitas Silveira, L. and Marchesan, G. and De Lima Oliveira, A. and Cardoso Junior, G. and Matias Rêgo, R.},
	month = jul,
	year = {2023},
	pages = {3650--3654},
	file = {PDF:/home/leonardofdsantos/Zotero/storage/MMXK5IGQ/Da Silva Dos Santos et al. - 2023 - A new approach to protection in an unconventional distribution.pdf:application/pdf},
}

@article{spagnolo_martins_evaluation_2023,
	title = {Evaluation on safety of people on ground generated voltages in unconventional networks},
	volume = {2023},
	issn = {2732-4494},
	url = {http://digital-library.theiet.org/doi/10.1049/icp.2023.0506},
	doi = {10.1049/icp.2023.0506},
	abstract = {In an electrical power distribution system, electrical grounding is essential, especially in networks with ground return. However, in rural areas, the cost of a three-phase network can be prohibitive, which limits consumers to single-phase networks like MRT or MRN. Recent research has proposed a new approach using earth as the phase conductor in a two-wire three-phase system (T2F), which makes the installation of three-phase networks in rural areas financially viable. This innovative system not only occupies a large part of the existing structure, but also provides three-phase power. Despite the cost savings, security issues need to be addressed before implementing this type of topology. The aim of this study is to evaluate the safety features of the T2F system to ensure its safe operation. The evaluations and safety equations were made in a virtual environment, but the soil stratification was based on results obtained in a test terrain that proved to be safe, even the grounding systems using existing rods and several rods.},
	language = {en},
	number = {6},
	urldate = {2025-04-07},
	journal = {IET Conference Proceedings},
	author = {Spagnolo Martins, M. and Stefanello, R. and Borré Sebastiany, P. H. and Da Silva Dos Santos, L. F. and Kraulich, L. and De Freitas Silveira, L. and Berlezi Ramos, D. and Cardoso Junior, G. and Matias Rêgo, R.},
	month = jul,
	year = {2023},
	pages = {3949--3953},
	file = {PDF:/home/leonardofdsantos/Zotero/storage/MWYYCFY8/Spagnolo Martins et al. - 2023 - Evaluation on safety of people on ground generated voltages in unconventional networks.pdf:application/pdf},
}

@inproceedings{leonardo_de_freitas_silveira_sistema_2022,
	address = {Santa Maria, Rio Grande do Sul, Brasil},
	title = {{SISTEMA} {DE} {DISTRIBUIÇÃO} {T2F}: {VERIFICAÇÃO} {DA} {EFETIVIDADE} {DAS} {METODOLOGIAS} {DE} {COMPENSAÇÃO} {DE} {DESEQUILÍBRIOS} {DE} {TENSÃO}},
	shorttitle = {{SISTEMA} {DE} {DISTRIBUIÇÃO} {T2F}},
	url = {https://www.sba.org.br/open_journal_systems/index.php/sbse/article/view/3080},
	doi = {10.20906/sbse.v2i1.3080},
	abstract = {This work presents a study of the effectiveness of the compensation impedance calculation methodology for the intrinsically unbalanced three-phase power distribution system (T2F). The calculation methodology in question is based on the Carson’s image method to obtain impedance values that, when arranged longitudinally and transversally to the system, equalize it in order to reduce voltage unbalance levels (\%DT). The comparison of the effectiveness of the calculated compensation is performed through the proposal of a computational method to obtain the impedance values that equalize the system in order to completely eliminate the unbalance between the phases. This study shows that factors such as the value of impedances implemented and their arrangement in the system directly imply the results of \%DT measured in the load coupled to the circuit.},
	language = {pt},
	urldate = {2025-04-07},
	author = {{Leonardo De Freitas Silveira} and {Aécio De Lima Oliveira} and {Ghendy Cardoso Junior} and {Gustavo Marchesan}},
	year = {2022},
	file = {PDF:/home/leonardofdsantos/Zotero/storage/WMN5FAMJ/Leonardo De Freitas Silveira et al. - 2022 - SISTEMA DE DISTRIBUIÇÃO T2F VERIFICAÇÃO DA EFETIVIDADE DAS METODOLOGIAS DE COMPENSAÇÃO DE DESEQUILÍ.PDF:application/pdf},
}

@inproceedings{spagnolo_martins_methodology_2022,
	address = {Anchorage, AK, USA},
	title = {Methodology to {Evaluate} the {Safety} of {People} in {Grounded} {Networks}},
	copyright = {https://doi.org/10.15223/policy-029},
	isbn = {978-1-6654-8240-0},
	url = {https://ieeexplore.ieee.org/document/9831689/},
	doi = {10.1109/ISIE51582.2022.9831689},
	abstract = {Electrical grounding is indispensable to an electric power distribution system, especially in networks with return by land. Amid the expansion of rural networks, the cost of a threephase network may make the viability of the project impossible, restricting the consumer to an MRT or MRN network. Recent studies have proposed the construction of a three-phase network from an MRT or MRN network. In this case, the earth with a phase conductor is used. This would make it possible to financially install three-phase networks in rural areas. Every way, security issues still need to be evaluated for this type of structure. This work aims to study the safety features so that such a network can be implemented. The equations and safety assessments were made in a virtual environment but soil stratification was based on results measured in a test ground that proved safe in its operation even with several rods.},
	language = {en},
	urldate = {2025-04-07},
	booktitle = {2022 {IEEE} 31st {International} {Symposium} on {Industrial} {Electronics} ({ISIE})},
	publisher = {IEEE},
	author = {Spagnolo Martins, Miguel and Stefanello, Roberta and Cardoso, Ghendy and Henrique Borris Sebastiany, Pedro and Ramos, Diego Berlezi},
	month = jun,
	year = {2022},
	pages = {335--340},
	file = {PDF:/home/leonardofdsantos/Zotero/storage/SD4Q2529/Spagnolo Martins et al. - 2022 - Methodology to Evaluate the Safety of People in Grounded Networks.pdf:application/pdf},
}

@inproceedings{leyla_kraulich_estimativa_2022,
	address = {Santa Maria, Rio Grande do Sul, Brasil},
	title = {Estimativa do custo de implantação de um sistema trifásico a dois fios para repotencialização de redes rurais monofásicas},
	url = {https://www.sba.org.br/open_journal_systems/index.php/sbse/article/view/2905},
	doi = {10.20906/sbse.v2i1.2905},
	abstract = {Most rural electrical loads are Single Wire Earth return (SWER), mainly for budgetary reasons. However, many rural consumers do not have their needs fully met due to the SWER limited supply capacity and its and the inability to connect three-phase motors.. The solution planned to beneﬁt these rural properties is through the repowering of the three-phase network. The present work sought to compare distribution network projects from an economic perspective, the Three-Phase Two-Wire System (T2F) and the Conventional Three-Phase System, pointing out the most proﬁtable solution. All structures were selected according to the rules and procedures of rural aerial distribution networks, counted for one kilometer and extended up to twenty kilometers for comparison purposes. It was found that from ﬁve kilometers of network extension, the costs with T2F will be more advantageous in relation to the three-phase.},
	language = {pt},
	urldate = {2025-04-07},
	author = {{Leyla Kräulich} and {Lucas K. Centenaro} and {Jean P. Rossini} and {Adriano C. Marchesan} and {Gustavo Marchesan} and {Ghendy Cardoso Jr.}},
	year = {2022},
	file = {PDF:/home/leonardofdsantos/Zotero/storage/ENWA6BM3/Leyla Kräulich et al. - 2022 - Estimativa do custo de implantação de um sistema trifásico a dois fios para repotencialização de red.PDF:application/pdf},
}

@inproceedings{giuliani_alise_2021-1,
	title = {Análise de {Desequilíbrio} de {Tensão} para {Sistema} de {Distribuição} de {Energia} {Elétrica} não {Convencional}},
	url = {https://repositorio.ufsm.br/handle/1/21792},
	doi = {10.53316/sepoc2021.040},
	abstract = {This work presents an accurate method for the calculation of the compensating impedances for an uncoventional three-phase rural distribution network using two overhead wires and the ground for energy transmission. This system is referred as T2F scheme, which is an inherently unsymmetrical 3-phase system. The paper deals with the compensating method using a series impedance in the earth return path and a shunt capacitance connected between the two wires. A simulation study in MATLAB/Simulink was conducted in a medium voltage radial distribution system to verify a need of compesating impedances by analysing of unbalaced voltages and voltage drop. This study shows that the system is capable of operating within the unbalancing factor standards and voltage drops limits, as seen in the simulations results.},
	language = {pt},
	urldate = {2025-04-07},
	booktitle = {Proceedings of the 13th {Seminar} on {Power} {Electronics} and {Control} ({SEPOC} 2021)},
	publisher = {sepoc},
	author = {Giuliani, Eduardo and Oliveira, AéCIO De Lima and Junior, Ghendy Cardoso and Marchesan, Gustavo and Silveira, Leonardo De Freitas and Filho, Gilberto Davi Nunes},
	month = may,
	year = {2021},
	pages = {--},
	file = {PDF:/home/leonardofdsantos/Zotero/storage/RJBRDGWP/Giuliani et al. - 2021 - Análise de Desequilíbrio de Tensão para Sistema de Distribuição de Energia Elétrica não Convencional.pdf:application/pdf},
}

@phdthesis{rose_alimentacao_1997,
	type = {Dissertação},
	title = {Alimentação de pequenas cargas ao longo de linhas de transmissão por meio de pára-raios energizados},
	url = {https://repositorio.unifei.edu.br/jspui/handle/123456789/2923},
	school = {Universidade Federal de Itajubá},
	author = {ROSE, Eber Hávila},
	month = dec,
	year = {1997},
	file = {Dissertação_19978200955:/home/leonardofdsantos/Zotero/storage/BFJAHFEZ/Dissertação_19978200955.pdf:application/pdf},
}

@misc{fecoergs_historia_2016,
	title = {História da {Eletrificação} {Rural}},
	url = {https://www.fecoergs.com.br/pagina.php?cont=historiaEletrificacao},
	abstract = {O Sistema FECOERGS é composto por cooperativas de distribuição e geração de energia elétrica, atuando nas regiões de produção agropecuária do RS, beneficiando a mais de um milhão de gaúchos.},
	language = {pt-br},
	urldate = {2025-04-02},
	journal = {História da Eletrificação Rural},
	author = {FECOERGS},
	year = {2016},
	file = {Snapshot:/home/leonardofdsantos/Zotero/storage/FA4686NN/pagina.html:text/html},
}

@article{fandi_sistema_2013,
	title = {Sistema de {Distribuição} de {Energia} {Elétrica} a  {Dois} {Condutores} para {Atendimento} a {Cargas}  {Rurais} {Trifásicas}},
	language = {pt},
	author = {Fandi, Juliane},
	year = {2013},
	file = {PDF:/home/leonardofdsantos/Zotero/storage/42YM2ZFV/Fandi - UNIVERSIDADE FEDERAL DE UBERLÂNDIA.pdf:application/pdf},
}

@misc{aneel_resolucao_2022,
	title = {{RESOLUÇÃO} {NORMATIVA} {ANEEL} {No} 1.042, {DE} 20 {DE} {SETEMBRO} {DE} 2022},
	author = {ANEEL},
	year = {2022},
	file = {ren20221042.pdf:/home/leonardofdsantos/Zotero/storage/266ZBD64/ren20221042.pdf:application/pdf},
}

@misc{aneel_resolucao_2021,
	title = {{RESOLUÇÃO} {NORMATIVA} {ANEEL} {No} 1.000, {DE} 7 {DE} {DEZEMBRO} {DE} 2021},
	author = {ANEEL},
	year = {2021},
	file = {atren20211000.pdf:/home/leonardofdsantos/Zotero/storage/XJXZB2AV/atren20211000.pdf:application/pdf},
}

@misc{ibge_pnad_2025,
	title = {{PNAD} - {Divulgação} {Mensal} {Continuada}},
	url = {https://www.ibge.gov.br/estatisticas/sociais/trabalho/9171-pesquisa-nacional-por-amostra-de-domicilios-continua-mensal.html},
	urldate = {2025-04-02},
	author = {IBGE},
	year = {2025},
	file = {Divulgação mensal | IBGE:/home/leonardofdsantos/Zotero/storage/9S25FN3G/9171-pesquisa-nacional-por-amostra-de-domicilios-continua-mensal.html:text/html},
}

@misc{epe_balanco_2024,
	title = {Balanço {Energético} {Nacional} 2024},
	url = {https://www.epe.gov.br/pt/publicacoes-dados-abertos/publicacoes/balanco-energetico-nacional-2024},
	abstract = {Matriz energética e Relatório Síntese do Balanço Energético Nacional de 2024},
	language = {pt-br},
	urldate = {2025-04-02},
	journal = {EPE},
	author = {EPE},
	year = {2024},
	file = {BEN2024.pdf:/home/leonardofdsantos/Zotero/storage/27HQIA3H/BEN2024.pdf:application/pdf},
}

@misc{noauthor_religador_nodate,
	title = {Religador {Automático} – {Tipos} – {Mesh} {Engenharia}},
	url = {https://meshengenharia.com/2023/09/29/religador-automatico-tipos/},
	language = {pt-BR},
	urldate = {2025-04-14},
	file = {Snapshot:/home/leonardofdsantos/Zotero/storage/FQZH8WAZ/religador-automatico-tipos.html:text/html},
}

@misc{noauthor_fundamentos_nodate,
	title = {Fundamentos de religadores},
	url = {https://www.eaton.com/br/pt-br/products/medium-voltage-power-distribution-control-systems/reclosers/reclosers--fundamentals-of-reclosers.html},
	abstract = {Um religador é um interruptor elétrico automático de alta tensão que desliga a energia elétrica quando há problemas, como em um curto-circuito. Os religadores são usados em todo o sistema de distribuição de energia, desde a subestação até os postes de serviços públicos residenciais},
	language = {pt\_BR},
	urldate = {2025-04-14},
	journal = {Eaton},
}

@misc{noauthor_aplicacoes_nodate,
	title = {Aplicações de {Religadores} {Automáticos} : {Romagnole}},
	url = {https://www.romagnole.com.br/noticias/aplicacoes-de-religadores-automaticos/},
	urldate = {2025-04-14},
}

@book{mamede_protecao_2024,
	address = {RIO DE JANEIRO, RJ},
	edition = {3},
	title = {Proteção {De} {Sistemas} {Elétricos} {De} {Potência}},
	isbn = {978-85-216-3897-1},
	language = {pt-BR},
	publisher = {Ltc-Livros Tecnicos E Cientificos Editora Lda},
	author = {Mamede, João},
	collaborator = {Mamede, Daniel Ribeiro},
	month = mar,
	year = {2024},
	keywords = {exatas, Tecnologia (ciências aplicadas)},
}
